2646 3976
1131 734 1268 802 DE
1317 732 1964 806 GUATIMALA.

715 906 722 923 ¹
835 874 840 899 ⁹
876 895 989 941 ffius
1019 892 1171 941 Dfius
1192 889 1486 938 Richardus
1508 889 1775 939 Casanova
1807 904 1843 952 y
1868 890 2104 952 Estrada,
2137 890 2420 940 hodiernus

780 952 788 966 ’
903 970 1339 1033 Archiepiscopus
1379 969 1442 1018 de
1485 967 1778 1018 Guatimala
1818 983 2143 1032 summopere
2188 970 2422 1032 cupienS,

686 1058 743 1098 ut
773 1062 888 1113 quae
921 1047 1249 1097 volventibus
1282 1047 1433 1095 annis
1467 1047 1756 1096 additiones
1787 1061 1848 1096 ac
1876 1047 2189 1096 variationes
2226 1048 2281 1095 in
2313 1046 2422 1094 Ka·

686 1127 919 1176 lendario
951 1141 1012 1175 ac
1041 1126 1261 1190 Proprio
1303 1126 1404 1174 sibi
1445 1126 1732 1175 commissae
1763 1126 2208 1175 Archidioeceseos
2247 1141 2423 1176 acces-

689 1215 879 1268 serunt,
912 1206 1157 1255 Rubricis
1188 1220 1247 1254 ac
1276 1202 1478 1254 Sanctae
1501 1204 1650 1254 Sedis
1673 1205 1910 1254 Decretis
1941 1204 2176 1267 apprime
2207 1218 2427 1267 respon-

689 1284 896 1345 derent,
949 1284 1223 1347 pastoralis
1276 1284 1359 1331 sui
1405 1285 1632 1332 muneris
1687 1298 1801 1332 esse
1853 1284 1999 1332 duxit
2047 1282 2426 1332 Kalendarium

685 1364 857 1427 ipsum
892 1363 1196 1425 reformare,
1238 1372 1392 1426 atque
1433 1363 1565 1413 illud
1598 1361 1735 1412 Ssfi'xi
1768 1363 1983 1412 Domini
2013 1361 2193 1410 Nostri
2224 1361 2425 1409 Leonis

687 1441 844 1505 Papae
874 1441 1027 1490 XIII.
1059 1455 1312 1505 supremae
1345 1440 1706 1504 approbationi
1737 1439 2024 1488 humillime
2057 1439 2315 1488 exhibere.

813 1519 982 1576 Quum
1012 1527 1180 1567 autem
1218 1518 1281 1566 de
1314 1518 1556 1566 mandato
1589 1517 1819 1578 ejusdem
1850 1516 2175 1566 Sanctissimi
2207 1516 2427 1566 Domini

688 1597 869 1647 Nostri
885 1597 1057 1647 Sacra
1086 1598 1301 1645 Rituum
1325 1596 1670 1657 Congregatio
1702 1595 2023 1658 propositum
2047 1594 2427 1645 Kalendarium

690 1675 871 1724 sedulo
918 1674 1217 1738 expenderit
1259 1681 1411 1735 atque
1455 1672 1586 1721 illud
1632 1687 1662 1720 a
1707 1686 1762 1720 se
1806 1671 1956 1721 antea
2001 1673 2327 1721 emendatum
2375 1683 2428 1723 et

691 1754 1004 1813 ordinatum,
1045 1753 1218 1816 prouti
1249 1753 1506 1816 superiori
1544 1753 1601 1800 in
1633 1752 1914 1816 exemplari
1944 1758 2165 1815 prostat,
2209 1753 2429 1815 probari

685 1845 840 1894 posse
871 1831 1148 1891 censuerit3
1184 1829 1444 1879 Sanctitas
1478 1831 1598 1888 Sua,
1630 1829 1882 1879 referente
1913 1830 2206 1893 subscripto
2240 1829 2424 1879 Secre-

687 1909 833 1970 tari0,
860 1909 1165 1957 sententiam
1187 1909 1354 1971 ipsius
1379 1907 1550 1957 Sacrae
1574 1907 2001 1968 Congregationis
2023 1916 2187 1956 ratam
2208 1907 2428 1970 habens»,

686 1986 957 2051 praesatum
1004 1985 1378 2035 Kalendarium
1425 1984 1734 2049 approbavit
1781 1987 2133 2049 concessitque
2186 1995 2241 2035 ut
2287 1987 2429 2037 illud

688 2065 873 2114 amodo
920 2064 985 2112 ab
1030 2064 1273 2112 universo
1320 2064 1764 2113 Archidioeceseos
1821 2065 1885 2114 de
1926 2066 2221 2115 Gnatimala
2265 2066 2426 2116 Clero

687 2151 797 2191 tum
827 2142 1103 2203 saeculari,
1137 2150 1245 2189 tum
1277 2141 1527 2202 Regulari
1557 2142 1873 2193 Kalendario
1906 2146 2214 2195 Dioecesano
2246 2154 2428 2198 utente

686 2229 792 2269 tam
823 2221 877 2268 in
910 2220 1073 2269 Horis
1104 2220 1382 2270 Canonicis
1413 2220 1798 2284 persolvendiS‚
1841 2235 1995 2285 quam
2014 2224 2081 2272 ,in
2114 2224 2273 2275 Sacro
2305 2241 2427 2289 per-

688 2300 889 2360 agendo
913 2300 1151 2363 usurpari
1180 2298 1367 2349 valeat.
1419 2299 1704 2349 Contrariis
1737 2314 1842 2350 non
1864 2301 2188 2351 obstantibus
2210 2304 2428 2365 quibus-

690 2392 923 2441 cumque.

816 2474 917 2522 Die
949 2474 1025 2522 23.
1057 2473 1234 2523 Martii
1267 2475 1403 2524 1892.

1299 2686 1944 2776 -νίῖίμοῖΐίάίσὸλαιω
1959 2686 2214 2751 (ὄίοᾶφ
2225 2707 2262 2725 ···

1473 2896 2120 2989 djss-fyff'ldd
2149 2899 2427 2989 aaa&
