2646 3976
677 568 773 616 46*

680 692 983 783 Benedicat
1000 708 1097 746 cor
1122 701 1384 748 nostrum
1404 695 1519 748 De-

890 785 1123 838 mlnum,

679 848 955 917 Sitiatque
1003 849 1215 904 fontem
1272 850 1521 905 dulcedi-

816 943 1247 1074 Seilnlptiriernum.
1280 1007 1484 1062 Amen.

755 1104 822 1173 V.
851 1111 1164 1167 Dominare
1193 1112 1391 1178 nostri,
1427 1113 1519 1166 be-

678 1190 771 1243 ata
799 1189 973 1259 Virgo
1002 1190 1195 1245 Maria.
1248 1192 1312 1260 R.
1343 1191 1434 1244 Tu
1461 1198 1518 1245 et

676 1269 833 1322 Deus
861 1276 1054 1322 noster
1080 1269 1259 1323 Filius
1286 1277 1435 1323 tuus.

754 1380 846 1434 Ad
897 1381 1105 1436 Bened.
1170 1384 1300 1437 Ant.
1339 1384 1516 1438 Maria

675 1456 855 1513 m'ater
874 1459 1085 1514 Christi
1111 1467 1196 1514 est
1220 1468 1402 1515 mater
1419 1462 1519 1515 mi-

674 1537 1013 1603 sericerdiae‚
1040 1539 1174 1606 vita,
1203 1539 1443 1593 dulcedo
1462 1546 1517 1593 et

675 1631 805 1684 spes
848 1623 1043 1670 nostra
1078 1616 1136 1669 in
1185 1618 1293 1671 hac
1337 1617 1517 1687 laery-

676 1695 897 1747 marum
924 1694 1088 1749 valle.

995 1818 1206 1873 Oratio.

766 1912 1166 1966 lementissime
1200 1914 1375 1982 Deus,
1420 1915 1519 1982 qui

787 1993 859 2045 ad
888 1994 1247 2060 peccaterum
1276 1994 1515 2047 salutem

568 2059 571 2074 ⁵
675 2077 732 2125 et
792 2070 1130 2123 misererum
1192 2071 1516 2139 perfugium

673 2149 895 2201 beatam
934 2147 1225 2216 Virginem
1261 2150 1518 2218 Mariam,

676 2226 960 2295 Unigeniti
1026 2227 1108 2279 tui
1171 2226 1518 2282 Genitricem

676 2304 908 2373 ejusque
941 2305 1251 2373 gratiarum
1282 2306 1517 2359 admini-

672 2389 850 2436 stram
869 2398 993 2437 esse
1011 2383 1262 2436 voluisti:
1289 2391 1516 2458 praesta,

673 2462 1030 2530 quaesumus3
1056 2468 1121 2514 ut
1149 2461 1285 2515 dum
1314 2462 1517 2517 Cordis

675 2538 926 2603 eiusdem
963 2539 1366 2593 amantissimae
1404 2555 1517 2593 ma-

674 2617 779 2670 tris
839 2616 1204 2672 festivitatem
1272 2619 1519 2674 celebra-

672 2710 823 2760 muS,
860 2700 917 2747 et
951 2697 1345 2764 peccateribus
1386 2710 1516 2750 con·

672 2772 1009 2841 versienem,
1044 2779 1100 2827 et
1135 2774 1352 2827 cunetis
1380 2773 1517 2827 fide-

673 2850 823 2903 libus
854 2850 1169 2904 coelestium
1197 2853 1515 2905 ubertatem

672 2928 952 2981 donerum
1002 2929 1257 2983 obtinere
1303 2931 1517 2984 merea-

669 3022 812 3060 mur.
869 3006 981 3059 Per
1018 3007 1280 3061 eumdem
1320 3007 1514 3061 Demi-

670 3100 823 3140 num.

734 3191 801 3238 Et
822 3190 877 3237 fit
900 3193 1109 3238 eoffiem.
1136 3194 1284 3240 Dom.
1317 3209 1509 3245 occurr.

898 3310 988 3357 Ad
1019 3311 1274 3360 Primam.

742 3400 809 3451 In
846 3403 914 3470 R.
957 3405 1037 3455 br.
1089 3400 1157 3470 V.
1192 3399 1302 3467 Qui
1343 3406 1511 3454 natus

668 3488 729 3525 es
755 3473 826 3527 de
853 3476 1031 3530 Maria
1059 3477 1306 3545 Virgine.

1172 574 1443 622 Dominica
1467 573 1567 623 111.
1589 582 1706 636 post
1727 573 1913 637 Epiph.

1809 695 1896 742 Ad
1924 697 2180 745 Tertiam.

1643 775 1826 845 Capit.
1861 776 2166 830 Adeamus.
2205 777 2314 831 45*

1643 863 1711 931 R.
1740 863 1824 915 br.
1870 862 2262 918 Misericerdia
2298 871 2413 932 tua,

1572 940 1833 1007 Demine,
1846 940 1904 993 in
1918 941 2187 996 saeculum
2202 942 2263 996 ιθ
2277 945 2417 1013 Ope·

1570 1032 1636 1071 ra
1665 1019 1934 1072 manuum
1964 1020 2190 1073 tuarum
2219 1037 2293 1075 ne
2318 1023 2416 1077 de-

1572 1097 1792 1165 spicias,
1857 1098 2245 1152 Misericerdia
2298 1107 2417 1156 tua.
2494 1107 2504 1117 '

1575 1172 1642 1243 Y.
1685 1174 2017 1230 Confitebor
2057 1177 2272 1231 nemini
2310 1187 2414 1234 tuo

1570 1267 1744 1321 super
1767 1253 2156 1308 misericordia
2182 1261 2297 1310 tua.
2343 1257 2419 1312 0-

1571 1345 1707 1399 pera
1720 1332 1989 1385 manuum
2007 1333 2252 1388 tuarum.
2274 1335 2417 1390 Gle-

1570 1408 1654 1462 ria
1674 1409 1847 1464 Patri.
1885 1409 2272 1466 Misericerdia
2298 1419 2416 1469 tua.

1643 1493 1712 1565 Ῡ.
1722 1496 1963 1565 Respice
1974 1498 2032 1550 in
2046 1514 2150 1565 me,
2166 1500 2418 1555 Demine

1569 1579 1626 1626 et
1656 1573 1923 1628 miserere
1950 1577 2075 1630 mei.
2111 1579 2181 1645 R.
2213 1579 2286 1632 Et
2307 1580 2419 1634 sal-

1568 1666 1702 1704 vum
1724 1652 1817 1706 fac
1835 1652 2014 1707 fssium
2042 1656 2257 1710 ancillae
2280 1664 2416 1714 tuae.

1814 1766 1901 1812 Ad
1934 1766 2173 1815 Sextam.

1608 1856 1945 1925 Capitulum.
2133 1859 2304 1915 Prov.
2324 1863 2379 1916 8.

1658 1931 1716 1984 ui
1744 1947 1834 1985 me
1858 1931 2137 1987 invenerit
2164 1933 2421 1992 inveniet

1573 1939 1653 2087 Q
1692 2010 1885 2079 vitam,
1921 2018 1975 2064 et
2007 2012 2231 2066 hauriet
2265 2015 2420 2069 salu-

1568 2097 1681 2143 tem
1715 2105 1749 2143 a
1776 2091 2051 2159 Demin03
2089 2092 2188 2160 qui
2222 2102 2418 2148 autem

1570 2170 1627 2223 in
1649 2184 1739 2222 me
1757 2170 2094 2239 peccaverit,
2113 2171 2284 2225 laedet
2302 2173 2421 2226 ani-

1570 2263 1719 2301 mam
1748 2263 1926 2301 suam.
1960 2248 2168 2303 Omnes
2195 2250 2296 2317 qui
2323 2267 2418 2305 me

1570 2327 1813 2381 oderunt
1841 2326 2085 2394 diligunt
2111 2335 2371 2383 mortem.

1644 2402 1710 2468 Rae.
1727 2403 1808 2455 br.
1832 2405 2075 2474 Respice
2092 2405 2152 2458 in
2171 2422 2277 2472 me,
2300 2407 2415 2461 De-

1569 2484 1736 2551 mine‚
1775 2481 1811 2516 ‘³⁹
1863 2485 1934 2538 Et
1979 2483 2249 2538 miserere
2285 2486 2416 2539 mei.

1569 2562 1813 2631 Respice
1848 2563 1906 2615 in
1941 2578 2046 2616 me.
2087 2554 2155 2626 ΧΓ.
2194 2564 2268 2617 Et
2303 2564 2413 2618 sal-

1567 2656 1701 2695 vum
1730 2641 1821 2695 fac
1839 2641 2021 2695 fssium
2040 2641 2257 2695 ancsslae
2280 2649 2413 2696 tuae.

1569 2720 1643 2773 Et
1661 2720 1928 2773 miserere
1948 2719 2075 2773 mei.
2087 2720 2286 2774 Gleria
2305 2720 2415 2775 Pa·

1568 2797 1659 2851 tri.
1695 2797 1935 2866 Respice
1961 2797 2019 2851 in
2048 2813 2154 2851 me.

1639 2875 1706 2945 Υ.
1745 2884 2060 2938 Exsultabo
2085 2890 2142 2938 et
2167 2883 2412 2939 laet-ebor

1566 2963 1626 3017 in
1651 2962 2039 3017 misericerdia
2064 2968 2179 3031 tua,
2214 2963 2411 3017 Demi-

1566 3057 1653 3096 ne.
1697 3040 1761 3105 Ει.
1802 3041 2083 3110 Queniam
2111 3040 2409 3109 respexisti

1564 3119 1939 3174 humilitatem
1965 3135 2165 3180 meam.

1808 3233 1897 3281 Ad
1928 3233 2160 3281 Nonam,

1599 3313 1938 3380 Capitulum.
2183 3315 2256 3368 Is,
2282 3317 2360 3366 16.

1572 3399 2037 3521 praeparabitur
2089 3397 2150 3451 in
2197 3395 2406 3451 miseri-

1693 3477 1891 3532 cerdia
1928 3475 2133 3530 selium
2173 3475 2310 3544 ejuS‚
2352 3480 2406 3527 et
2463 3511 2470 3520 ·
