2646 3976
770 576 917 622 Festa
944 578 1178 634 Augusti.
1212 579 1309 637 (18.
1334 579 1428 638 19.)

388 705 494 759 Die
521 706 602 761 18.
629 705 892 775 Augusti.

506 786 571 838 In
598 785 765 837 Festo

257 867 716 931 coronationis
741 870 811 930 B.
836 871 918 931 M.
939 873 1013 933 V.

408 951 635 1018 Duplex
664 955 859 1022 majus.

276 1036 461 1083 Omnia
483 1045 537 1083 ut
561 1038 614 1084 in
640 1038 769 1086 festo
790 1043 1050 1102 Assumpt.

179 1135 183 1140 ·
211 1107 439 1167 exceptis
458 1107 790 1157 Lectionibus
810 1127 919 1172 quae
938 1123 1053 1159 sunt

210 1177 273 1223 dc
296 1177 342 1223 4.
368 1177 447 1223 die
472 1178 606 1225 infra
632 1179 895 1228 Octavam.

375 1322 485 1376 Die
511 1324 593 1377 19.
622 1323 883 1393 Augusti.
990 1295 993 1298 Ἴ

203 1408 273 1469 S.
293 1407 532 1468 Felicis
549 1408 632 1470 11.
654 1411 791 1477 Pap.
814 1416 868 1462 et
887 1409 1050 1464 Mart.

435 1497 817 1564 Semiduplex.

270 1585 456 1632 Omnia
495 1585 555 1630 de
595 1583 863 1630 Communi
902 1584 1049 1629 unius

202 1654 375 1714 Mart„
400 1665 585 1716 praeter
608 1654 884 1714 sequentia.

270 1734 462 1781 Oratio.
496 1732 863 1785 Infirmitatem.

268 1820 327 1866 In
350 1820 389 1868 Ι.
408 1821 671 1867 Nocturno
690 1821 960 1866 Lectiones
989 1821 1049 1867 dc

205 1892 477 1952 Scriptura
502 1898 812 1937 oecurrente.

366 1997 434 2048 In
467 1998 536 2048 ΙΙ.
571 1997 883 2073 Nocturno.

480 2078 672 2129 Lectio
707 2078 776 2129 iv.

270 2299 279 2314 N
317 2241 356 2308 g„
407 2255 544 2306 nus,
596 2245 757 2307 patre
804 2222 1073 2297 Anasta-l

226 2317 230 2343 ²
279 2317 336 2363 »Ὗ
409 2318 511 2384 si0‚
542 2332 613 2370 ex
640 2318 917 2372 Romanae
944 2296 1073 2375 Ec-¹

196 2397 394 2453 clesiae
413 2396 809 2451 archidiacono
834 2399 892 2451 in
911 2413 1047 2466 pon-

197 2475 414 2531 tificem
443 2475 654 2545 electus
690 2483 792 2544 est,
819 2477 1048 2531 vivente

165 2554 452 2609 ·Liberi0.
535 2553 678 2608 Cum
733 2562 920 2609 autem
976 2555 1048 2609 de

192 2632 403 2688 Felicis
423 2631 771 2703 pontificatu,
792 2620 1069 2717 tempore]

194 2711 463 2780 Gregorii
493 2711 695 2766 decimi
729 2714 894 2782 tertii,
930 2729 1044 2767 non

194 2792 345 2847 levis
389 2793 780 2845 controversia
822 2792 1045 2847 incidis-

198 2877 289 2924 set
330 2870 554 2938 virique
604 2871 926 2938 gravissimi
970 2858 1069 2925 cli-l

198 2948 435 3001 versum
489 2947 794 3017 sentirent,
841 2934 1070 3023 accidit}

199 3041 270 3080 eo
298 3026 423 3094 ipso
451 3026 723 3095 tempore,
750 3034 815 3082 ut
841 3028 899 3081 in
927 3028 1044 3081 dia-

196 3104 364 3160 conia
385 3104 712 3159 sanctorum
726 3107 1044 3174 Martyrum

197 3184 422 3239 Cosmae
453 3190 510 3238 et
527 3184 812 3251 Damioni‚
831 3185 888 3237 in
917 3184 1043 3238 foro

198 3263 488 3330 Romam,
541 3264 775 3332 quidam
820 3263 1043 3317 thesau-

198 3355 326 3395 rum
362 3344 711 3411 quaerentes,
756 3341 816 3395 in
851 3357 1041 3397 arcam

199 3422 574 3476 marmoream
619 3421 945 3475 inciderint:
983 3421 1041 3473 in

199 3513 313 3565 qua
359 3514 566 3569 corpus
610 3500 790 3554 sancti
836 3500 1041 3554 Felicis

1863 588 1958 637 57*

1112 711 1403 779 repertum
1439 719 1540 781 est,
1575 729 1691 768 una
1724 730 1854 770 cum
1882 717 1957 770 la-

1111 789 1282 857 pideo
1309 791 1600 860 laterculo,
1638 793 1850 848 ibidem
1877 795 1956 849 in-

1111 873 1203 920 tus
1247 869 1461 937 posim,
1505 869 1708 939 hisque
1752 872 1957 927 litteris

1109 946 1366 1001 exarato:
1398 947 1620 1017 Corpus
1649 951 1828 1003 sancti
1855 951 1955 1005 Fe-

1109 1024 1231 1078 licis
1256 1025 1433 1093 Papae
1461 1033 1517 1079 et
1544 1027 1828 1096 MartyriS‚
1856 1029 1956 1097 qui

1108 1102 1402 1157 damnavit
1538 1104 1951 1162 ConstAntium.

1109 1179 1356 1249 Contigit
1391 1182 1451 1235 id
1478 1183 1662 1253 pridie
1693 1185 1812 1249 ejus
1843 1186 1955 1239 diei

1107 1274 1222 1327 quo
1250 1260 1457 1314 Felicis
1493 1262 1552 1314 in
1580 1262 1833 1316 Ecclesia
1858 1279 1955 1317 na-

1106 1338 1239 1391 talis
1277 1339 1400 1392 dies
1436 1340 1524 1408 agi
1559 1341 1951 1408 consueverat,

1106 1424 1311 1483 quarto
1351 1418 1644 1473 Kalendas
1690 1418 1949 1489 Augusti,

1105 1509 1254 1547 anno
1328 1496 1561 1550 Domini
1650 1497 1949 1553 millesimo

1105 1573 1555 1641 quingentesimo
1604 1577 1950 1645 octogesimo

1104 1652 1373 1705 secundo
1403 1654 1574 1709 Unde
1599 1656 1785 1709 Felice
1813 1671 1950 1723 qua-

1104 1729 1152 1781 si
1179 1745 1284 1797 pro
1316 1745 1379 1783 se
1408 1733 1794 1787 testimonium
1824 1734 1949 1787 red·

1105 1807 1289 1874 dente,
1305 1807 1512 1863 festum
1532 1810 1652 1878 ejus
1670 1811 1727 1862 in
1747 1811 1949 1865 eadem

1105 1886 1381 1955 diaconia,
1419 1904 1547 1941 cum
1580 1890 1779 1957 majori
1808 1883 1948 1954 sole·

1104 1966 1339 2019 mnitate
1385 1966 1617 2034 singulis
1658 1968 1819 2022 annis
1863 1983 1948 2027 ce·

1072 2034 1076 2089 Ι
1104 2044 1315 2099 lebrairi
1343 2047 1654 2101 consuevit.

1029 2096 1076 2219 J
1173 2134 1239 2201 Rz.
1282 2134 1605 2199 Honestum
1636 2135 1787 2190 fecit.

1149 2262 1349 2318 Sermo
1383 2265 1564 2318 sancti
1591 2265 1890 2334 Augustini

1380 2343 1662 2412 Episcopi.

1156 2441 1232 2488 De
1261 2440 1310 2490 S.
1335 2442 1610 2504 Cypriano,
1641 2457 1788 2490 serm.
1811 2443 1881 2489 12.

1381 2547 1576 2609 Lectio
1606 2563 1656 2599 v.

1104 2633 1465 2758 Sermonem
1486 2633 1658 2701 exigit
1683 2639 1800 2687 tam
1818 2650 1934 2702 gra-

1218 2718 1277 2765 ta
1306 2718 1363 2765 et
1391 2711 1653 2780 religiosa
1683 2713 1946 2768 solemni-

1101 2798 1218 2859 taS,
1263 2805 1379 2858 qua
1423 2791 1745 2860 passionem
1789 2793 1942 2846 beati

1102 2869 1371 2939 Martyris
1427 2869 1629 2924 Felicis
1694 2870 1944 2926 celebra-

1100 2963 1243 3002 mus,
1299 2948 1507 3002 Tristis
1537 2949 1735 3018 procul
1768 2949 1943 3004 dubio

1100 3034 1236 3080 tunc
1297 3027 1549 3080 Ecclesia
1613 3026 1722 3080 fuit
1741 3068 1754 3094 ,
1828 3044 1943 3081 non

1101 3105 1308 3158 damno
1344 3105 1623 3171 cadentiS,
1660 3104 1762 3157 sed
1800 3104 1942 3159 desi·

1100 3183 1258 3237 derio
1312 3183 1658 3251 recedentis,
1717 3198 1945 3251 semper

1099 3261 1333 3329 cupiens
1369 3261 1564 3315 videre
1600 3263 1941 3329 praesentem

1097 3345 1215 3393 tam
1232 3340 1446 3393 bonum
1465 3342 1743 3394 rectorem
1767 3346 1940 3408 atque

1098 3418 1404 3472 doctorem.
1465 3417 1578 3472 Sed
1614 3433 1759 3487 quos
1796 3419 1939 3472 affli-

1096 3504 1257 3550 xerat
1309 3497 1632 3552 sollicitudo
1679 3498 1939 3553 certemi·
