2646 3976
764 596 915 644 Festa
940 600 1219 646 Februarii.
1252 602 1370 660 (21.)
1845 604 1941 652 65*

202 725 360 795 quasi
388 725 665 792 nativum,
692 726 1042 794 personaret.
1066 708 1069 769 ἷ
1094 728 1258 795 teret,
1294 729 1458 796 quasi
1484 727 1555 781 ad
1583 742 1719 782 suos
1745 728 1938 797 perge·

199 804 379 873 Super
407 803 776 857 durissimam
807 804 1041 857 humum
1095 812 1205 873 ret,
1260 807 1588 875 alienosque
1636 806 1940 873 desereret,

198 884 385 937 stratis
412 881 668 936 ciliciolis
698 882 1042 949 quiescebat,
1093 883 1219 937 illos
1267 885 1580 939 versiculos
1629 900 1812 952 usque
1863 884 1937 937 ad

195 961 240 1016 si
267 968 459 1016 tamen
487 961 650 1028 quies
676 959 915 1013 dicenda
939 965 1042 1026 est,
1065 1004 1067 1035 ‹
1094 963 1532 1032 exspirationem
1553 963 1755 1017 animae
1780 978 1937 1032 repe-

196 1055 325 1108 quae
348 1039 574 1108 jugibus
604 1053 749 1107 pene
777 1038 1041 1092 orationi·
1064 1060 1067 1121 Ι
1093 1041 1276 1094 tebat:
1303 1041 1565 1108 Demine‚
1584 1040 1753 1094 dilexi
1774 1042 1936 1096 deco·

194 1118 304 1172 bus
338 1118 475 1185 dies,
509 1118 819 1185 noctesque
855 1116 1041 1185 junge·
1064 1134 1067 1143 “
1092 1133 1212 1172 rem
1249 1119 1454 1173 domus
1490 1125 1620 1181 tuae,
1658 1127 1713 1172 et
1748 1119 1935 1174 locum

192 1197 302 1251 bat.
332 1195 527 1250 Mollia
549 1195 721 1249 etiam
744 1196 802 1249 in
826 1195 1041 1263 gravis·
1091 1196 1455 1251 habitationis
1480 1197 1676 1266 gleriae
1695 1204 1834 1265 tuae3
1863 1203 1935 1266 et,

191 1275 332 1329 sima
394 1274 556 1328 febre
617 1273 807 1338 lectuli
861 1279 1065 1327 strata*
1093 1277 1276 1343 Quam
1317 1275 1524 1329 dilecta
1570 1275 1937 1330 tabernacula

190 1369 301 1407 non
339 1352 556 1407 hebuit.
612 1352 813 1406 Tantae
850 1326 1064 1413 autem}
1091 1360 1206 1421 tua,
1225 1353 1472 1407 Demine
1485 1353 1786 1409 virtutum!
1807 1370 1936 1409 con-

190 1430 550 1485 continentiae
588 1430 714 1495 fuit,
761 1437 825 1484 ut
860 1445 1038 1499 prope
1060 1424 1063 1479 ἓ
1089 1432 1355 1500 cupiscit,
1403 1439 1458 1486 et
1508 1432 1700 1487 deficit
1746 1433 1936 1487 anima

188 1510 516 1564 mensuram
536 1510 850 1576 excederet,
870 1514 929 1562 et
947 1509 1036 1562 de·
1059 1510 1062 1559 ἱ
1088 1525 1214 1565 mea
1237 1511 1297 1565 in
1326 1512 1470 1566 eti-ia
1495 1511 1755 1566 Domini:
1799 1511 1934 1579 digi-

187 1587 466 1642 bilitetem
528 1587 786 1656 corporis
846 1586 1037 1641 nimiis
1087 1590 1261 1658 toque
1290 1592 1476 1646 crucis
1511 1591 1733 1658 signum
1767 1591 1828 1644 in
1856 1591 1934 1644 la-

189 1665 436 1734 jejuniiS‚
483 1680 550 1720 ae
584 1665 779 1719 labore
814 1665 1036 1718 contra-
1085 1668 1194 1722 biis
1240 1670 1599 1739 imprimens,
1648 1669 1936 1723 sanctissi-

191 1743 374 1798 heret:
425 1744 795 1812 exceptisque
834 1743 1035 1798 diebus
1058 1756 1061 1803 ι
1085 1763 1237 1801 mam
1264 1749 1512 1803 animam
1532 1748 1659 1801 Deo
1683 1746 1938 1801 reddidit

162 1822 373 1890 sestis,
424 1822 524 1875 vix
570 1822 759 1876 eleum
802 1822 858 1875 in
905 1821 1034 1876 cibo
1058 1806 1061 1891 I
1086 1826 1328 1894 septimo
1360 1826 1651 1879 Kalendas
1684 1825 1933 1878 Februa-

186 1901 433 1968 ceperet.
462 1900 662 1969 Neque
685 1900 893 1955 adduci
917 1899 1033 1953 ullo
1057 1896 1062 1955 i
1085 1903 1173 1971 rii,
1211 1903 1396 1957 aetetis
1428 1919 1549 1957 suae
1586 1917 1735 1956 anno
1773 1901 1933 1970 quin·
1971 1896 1976 1901 ’

188 1979 359 2034 modo
406 1978 618 2049 potuit,
663 1985 727 2033 ut
772 1979 846 2034 ad
882 1978 1034 2033 vires
1058 1982 1061 1996 '
1085 1981 1413 2052 quagesimo
1441 1988 1618 2037 sexto.
1668 1981 1935 2035 Transla-

185 2059 445 2127 corporis
506 2057 841 2112 reficiendas
898 2058 1033 2111 vino
1056 2003 1061 2104 Ι
1084 2062 1258 2130 teque
1294 2061 1708 2131 Episcoporum
1754 2060 1932 2115 meni·

183 2138 457 2192 uteretur.
490 2137 854 2204 AEgrotantes
874 2136 1032 2189 miris
1056 2109 1060 2172 Ι
1083 2140 1275 2203 busin
1303 2141 1596 2195 ecclesiam
1619 2139 1932 2210 Speluncae,

184 2215 503 2284 obsequiiS‚
577 2229 644 2268 ac
705 2214 1032 2269 ministeriis
1056 2203 1059 2264 ἶ
1083 2226 1203 2273 tota
1227 2220 1302 2274 ad
1331 2219 1503 2274 funus
1530 2220 1649 2287 ejus
1677 2218 1931 2273 Palaesti-

183 2293 553 2348 confovebat:
609 2308 853 2362 cumque
907 2293 1030 2346 aliis
1056 2273 1287 2374 {narum
1323 2299 1551 2354 urbium
1590 2299 1758 2352 turba
1794 2312 1929 2352 con·

180 2371 583 2439 languentibus
618 2371 771 2439 large
816 2371 1032 2441 praebe·
1082 2378 1345 2432 currente
1363 2377 1792 2442 monachdrum‚
1819 2375 1933 2429 vir-

182 2457 269 2505 ret
307 2450 517 2516 omnia,
552 2449 603 2503 si
639 2449 869 2518 quando
906 2449 1028 2517 ipsa
1080 2456 1298 2524 ginum‚
1337 2454 1663 2520 viduarum,
1701 2459 1757 2506 et
1792 2455 1928 2521 pau-

183 2530 533 2597 aegrotesset,
572 2529 681 2582 sibi
705 2542 819 2581 non
846 2527 1029 2581 indul·
1082 2549 1307 2603 perum,
1359 2533 1458 2602 qui
1495 2531 1567 2584 ad
1604 2530 1944 2598 exemplum,

180 2608 374 2676 gebat,
421 2613 477 2661 et
523 2607 580 2660 in
625 2621 693 2660 eo
729 2579 1058 2675 inaequalis*
1083 2611 1368 2667 Dorcadis
1439 2615 1627 2665 vestes
1712 2608 1786 2662 ab
1857 2622 1925 2661 ea

180 2685 506 2753 videbitur,
527 2685 685 2754 quod
702 2685 761 2739 in
780 2685 905 2738 filiis
922 2685 1031 2739 cle-
1053 2635 1058 2734 1
1081 2690 1321 2761 praebita
1375 2688 1780 2756 ostendebant3
1830 2687 1925 2740 tri-

180 2765 480 2832 mentiam‚
533 2765 592 2818 in
645 2780 706 2818 se
760 2764 1029 2819 duritiam
1081 2770 1196 2825 duo
1233 2777 1367 2839 post
1403 2770 1599 2823 subter
1625 2765 1926 2822 ecclesiam

179 2843 594 2898 commutfibat·
1081 2851 1238 2918 juxta
1263 2863 1495 2919 specum
1524 2846 1757 2901 Domini
1794 2845 1925 2899 con·

256 2934 325 3001 R.
347 2928 615 2985 Dilexisti
640 2930 927 2997 justitiam.
1081 2929 1200 2983 dita
1224 2936 1327 2983 est.

462 3027 657 3081 Lectio
686 3030 757 3080 νῇ,
1152 3017 1215 3082 Rff.
1245 3014 1446 3069 Fallax
1470 3012 1667 3081 gretia.

185 3111 498 3236 Tandem
525 3126 655 3165 cum
682 3109 742 3163 in
766 3108 1029 3178 gravissi·
1140 3108 1203 3154 In
1230 3107 1330 3155 ΙΙΙ.
1353 3108 1614 3156 Nocturno
1652 3109 1841 3156 Homil.
1865 3069 1927 3156 int

301 3205 458 3245 mam
485 3187 869 3243 valetfidinem
895 3188 1028 3242 inci-
1082 3178 1279 3236 Evang.
1304 3176 1487 3226 Simile
1507 3184 1584 3225 est
1604 3187 1838 3236 regnum.
1855 3179 1917 3224 de

101 3250 115 3265 ”
178 3270 385 3338 disset,
435 3282 504 3321 ac
551 3273 793 3321 mortem
830 3265 1031 3321 adesse
1081 3247 1370 3295 Communi.

177 3349 445 3416 sentiret,
508 3353 565 3400 et
628 3344 868 3413 frigente
920 3344 1031 3398 alia
1138 3335 1201 3382 In
1218 3335 1560 3392 Quadr.Lect.
1577 3336 1643 3382 ix.
1668 3334 1915 3395 chom.‚

177 3433 343 3496 parte
378 3424 667 3495 &spol-ig,
714 3423 918 3477 finimae
954 3430 1030 3477 te,
1082 3415 1129 3454 et
1151 3420 1416 3454 commem.
1441 3405 1604 3452 Feriae
1625 3405 1678 3451 in
1702 3404 1866 3453 Laud.

177 3520 288 3576 por
320 3505 383 3559 in
419 3504 544 3558 solo
589 3503 821 3573 pectore
854 3500 1033 3572 palpi·
1347 3523 1578 3538 We
1621 3527 1630 3532 q

306 3650 505 3712 Propr.
533 3647 822 3700 Guatzmaz.
858 3645 917 3696 P.
940 3643 1112 3695 Hiem.
1634 3636 1669 3689 5
