2646 3976
720 584 817 633 30*

721 706 981 762 videlicet
1005 720 1077 759 ne
1104 704 1423 758 libertetem
1445 704 1567 773 per·

724 786 883 840 deret
919 782 1294 852 praedicendi,
1339 782 1389 836 si
1424 783 1570 836 bene

724 864 979 927 doceret,
1030 867 1087 916 et
1138 861 1287 916 male
1332 859 1569 915 viveret.

723 940 890 997 Unde
910 947 967 994 et
985 940 1298 995 Dominus:
1328 938 1440 1007 Qui
1457 940 1569 993 sel·

721 1018 868 1073 verit
921 1034 1100 1073 unum
1157 1019 1229 1072 de
1283 1017 1569 1074 mandatis
1685 1016 1741 1072 5<ss

722 1095 843 1150 istis
870 1095 1134 1165 minimiS,
1172 1102 1229 1151 et
1256 1096 1339 1149 sic
1365 1095 1569 1150 docue-

720 1174 820 1241 rit,
855 1174 1122 1229 minimus
1157 1175 1266 1230 erit
1300 1176 1360 1227 in
1394 1187 1569 1243 regno

724 1252 1017 1308 coelerum.
1063 1253 1241 1309 Vides
1279 1253 1437 1322 quod
1473 1267 1570 1306 au-

723 1331 985 1386 ctoritate
1040 1332 1349 1401 magisterii
1397 1337 1570 1398 caret,

723 1409 821 1477 qui
857 1411 1013 1478 quod
1051 1411 1216 1466 docet
1260 1426 1381 1465 non
1417 1410 1569 1464 facit.

727 1486 884 1542 Sicut
915 1488 973 1541 in
1006 1488 1349 1543 numismate
1374 1488 1572 1543 metal-

722 1564 861 1634 lum,
897 1565 1095 1633 figura‚
1136 1574 1193 1621 et
1228 1567 1454 1637 pondus
1489 1566 1571 1619 in·

725 1643 990 1713 quiritur,
1008 1644 1088 1698 ita
1099 1645 1158 1698 in
1172 1645 1331 1706 omni
1339 1646 1571 1699 doctore

724 1721 1102 1778 ecclesiastico
1121 1724 1263 1794 quid
1280 1726 1571 1793 sequatur,

724 1800 864 1870 quid
904 1801 1121 1870 deceat,
1169 1802 1458 1871 quomodo
1495 1803 1573 1857 vi·

724 1884 838 1933 vat.
886 1879 999 1934 Per
1034 1880 1365 1949 qualitatem
1402 1880 1572 1949 igitur

725 1958 937 2012 metalli
971 1959 1258 2029 doctrina,
1293 1974 1398 2030 per
1432 1959 1570 2029 figu-

724 2051 848 2090 ram
867 2037 1177 2091 similitudo
1191 2039 1446 2104 Patrum,
1467 2053 1572 2106 per

724 2114 950 2183 pondus
984 2114 1277 2169 humilitas
1315 2116 1568 2184 designa-

725 2198 834 2245 tur.
872 2192 981 2260 Qui
1007 2208 1144 2247 vero
1173 2194 1246 2247 ab
1269 2194 1359 2248 his
1387 2194 1570 2249 tribus

725 2270 1155 2339 discrepaverit,
1206 2288 1321 2327 non
1374 2274 1567 2327 metel-

725 2349 862 2417 lum,
892 2349 996 2403 sed
1020 2357 1172 2405 terra
1185 2352 1323 2411 erit.

804 2439 871 2508 ιι.
889 2438 957 2492 In
983 2440 1189 2495 medio.

795 2532 974 2581 Lectio
997 2532 1066 2580 ix,
1091 2531 1154 2579 de
1176 2529 1376 2579 Homil.
1392 2528 1573 2587 Feriae,

733 2606 874 2663 cujus
927 2600 1344 2650 commemoratio
1401 2600 1460 2648 fit
1520 2600 1575 2646 in

733 2672 1017 2722 Laudibus·

917 2818 1024 2873 Die
1054 2819 1136 2873 14.
1163 2817 1364 2873 Martii.

754 2902 823 2963 S.
851 2903 1251 2964 Florentinae
1284 2902 1548 2973 Virginis.

1029 2994 1276 3062 Duplex.

793 3088 979 3140 Omnia
1010 3091 1074 3138 de
1106 3089 1382 3139 Communi
1411 3091 1575 3152 Virg„

733 3168 920 3223 praeter
942 3160 1224 3223 sequentia.

795 3251 992 3300 Oratio.
1020 3250 1241 3299 Exaudi.

794 3336 863 3383 Et
883 3336 941 3384 fit
964 3350 1147 3386 comm.
1170 3336 1356 3386 Feriae.

795 3422 857 3469 In
879 3424 921 3472 Ι.
945 3424 1097 3473 Noct.
1128 3425 1270 3475 Lect.
1301 3424 1384 3473 De
1410 3424 1568 3484 virgi·

729 3495 900 3544 nibus.
939 3494 1002 3540 de
1027 3494 1318 3544 Communi.

1336 582 1494 631 Festa
1514 580 1702 627 Martii.
1733 579 1851 640 (14.)

1762 717 1835 770 In
1869 716 1945 770 11.
1976 715 2287 768 Nocturno.

1691 945 1698 950 .
1737 931 1746 954 j
1788 928 1789 931 ’
2276 929 2288 955 ’

1682 970 1685 976 ’
1821 978 1878 1025 et
1903 970 2205 1036 Florentia,
2231 964 2437 1022 Cartha

1634 1090 1669 1093 ἡ
1821 1049 1949 1118 gine
1983 1048 2040 1102 in
2069 1045 2347 1117 Hispaniis
2379 1058 2438 1096 ex

1624 1126 1830 1181 illustri
1873 1126 2140 1197 presepia
2185 1131 2312 1179 nata
2351 1127 2438 1186 est,

1625 1205 1957 1276 parentibus
1994 1204 2291 1262 Severiano
2323 1200 2438 1255 Car-

1626 1284 1995 1353 thaginiensis
2030 1281 2332 1354 provinciae
2354 1278 2440 1331 du·

1627 1378 1708 1431 ce,
1745 1368 1801 1417 et
1836 1363 1957 1431 ejus
1993 1363 2172 1417 uxere
2198 1360 2440 1420 Turtam,

1628 1442 1728 1511 qui
1756 1442 1929 1497 etiam
1956 1441 2296 1507 Leandrum,
2330 1433 2440 1491 Ful·
2496 1467 2502 1474 -

1627 1521 1877 1589 gentium
1915 1529 1972 1576 et
2001 1520 2296 1584 Isiderum,
2331 1511 2442 1581 Epi·

1627 1615 1832 1669 scopos
1868 1600 2128 1656 doctrina
2173 1604 2228 1652 et
2264 1590 2441 1649 sancti-

1627 1680 1744 1733 tate
1779 1679 2065 1747 celebres,
2110 1692 2173 1731 ac
2208 1668 2441 1728 Theode-

1626 1772 1767 1824 ram,
1805 1756 2121 1825 Leovigssdi
2156 1753 2298 1821 regis
2323 1744 2440 1803 uxe-

1626 1851 1765 1902 rem,
1778 1839 2110 1905 genuerunt.
2124 1834 2260 1889 Haee
2271 1831 2443 1885 sancta

1627 1915 1788 1983 virgo
1818 1914 1959 1969 fidei
1986 1912 2335 1980 dogmatibus
2358 1905 2442 1958 im-

1626 1995 1782 2063 buta,
1805 1994 2068 2048 moribus
2095 1998 2150 2047 et
2177 1983 2446 2045 sanctitate

1625 2035 1918 2142 praeclara,
1950 2087 2022 2127 ac
2048 2067 2309 2139 singulari
2334 2062 2444 2119 acti·

1626 2151 1776 2205 mine
1788 2150 1999 2219 ingenii
2015 2148 2266 2221 praedita,
2285 2143 2444 2200 Lean·

1626 2231 1732 2285 dro
1768 2230 1946 2284 fratre
1994 2229 2282 2298 magistr0‚
2325 2217 2445 2276 mul·

1626 2317 1746 2363 tum
1793 2308 1853 2362 in
1901 2308 2116 2362 divinis
2164 2297 2442 2372 scripturis

1625 2387 1884 2458 profecit,
1921 2388 2081 2455 quod
2118 2385 2348 2455 ipsemet
2380 2383 2445 2430 te·

1625 2468 1837 2534 statur,
1876 2465 2208 2521 methodum
2244 2459 2320 2514 illi
2352 2463 2445 2510 tra-

1625 2546 1799 2612 denti,
1810 2560 1925 2613 qua
1950 2551 2119 2598 vetus
2143 2533 2444 2596 Testamen-

1624 2631 1763 2692 tum,
1781 2630 1838 2678 et
1851 2623 2088 2678 Cantica
2107 2617 2443 2676 Cantieorum

1624 2703 1836 2758 utiliter
1846 2703 2073 2770 legeret
2102 2702 2285 2770 Quare
2296 2693 2444 2760 digna

1623 2782 1831 2850 evasit,
1884 2788 1948 2835 ut
1997 2781 2069 2835 de
2117 2770 2445 2833 institutione

1623 2860 1826 2931 puerili
1873 2860 2071 2914 fratris
2125 2856 2213 2912 sui
2259 2846 2445 2907 Isidori

1624 2945 1763 2994 natu
1789 2939 2025 2993 minoris
2059 2949 2253 2992 curam
2291 2925 2446 2985 susci-

1623 3023 1800 3087 peret,
1845 3033 2016 3086 quem
2049 3016 2194 3070 lacte
2228 3008 2443 3081 spiritus

1625 3096 1861 3163 nutrire,
1899 3102 2070 3163 atque
2097 3093 2156 3147 in
2186 3086 2334 3145 omni
2359 3081 2444 3137 ἀό·

1623 3182 1811 3243 gmate
1847 3173 1989 3228 fidei
2034 3170 2312 3226 instruere
2346 3173 2446 3217 una

1623 3267 1753 3306 cum
1775 3251 2040 3305 Leandro
2061 3248 2350 3314 diligenter
2364 3253 2445 3294 cu·

1623 3330 1789 3384 ravit.
1818 3329 2006 3384 Tanto
2025 3334 2214 3382 autem
2233 3315 2445 3379 alacrie·

1624 3408 1674 3462 ri
1722 3422 1861 3462 cura
1913 3405 2267 3462 sanctissime
2308 3392 2448 3452 insti·⁴

1624 3487 1898 3541 tuendum
1952 3483 2172 3557 punivit
2183 3522 2197 3550 ,
2248 3477 2445 3548 quanto

2566 2902 2574 3019 d

2566 3042 2574 3163 Ι
