2646 3976
769 559 923 609 Festa
946 561 1231 614 Februarii.
1265 567 1384 627 (17.)

220 788 289 827 ne
320 786 413 826 res
461 772 584 824 sine
629 772 868 824 testibus
904 776 1061 824 tanta

218 849 457 919 pesteris
477 848 806 915 referretur,
832 849 1059 916 arrepto

219 927 584 982 Recesvinthi
604 926 769 994 regis,
796 926 892 994 qui
915 926 1062 979 forte

221 700 277 748 to
336 692 582 747 redibat.
667 690 1061 760 IldephensuS,
1109 697 1286 807 ἷεῖζεὲὸ
1333 687 1395 737 de
1458 691 1730 741 Communi
1796 694 1942 743 Doct.

1165 839 1230 900 R.
1252 840 1359 886 viii.
1394 837 1513 887 Sint
1535 836 1714 885 lumbi.

1166 918 1346 965 Lectio
1360 919 1427 966 ix.
1444 919 1504 965 de
1518 919 1746 967 Homilia
1759 919 1941 983 Fetiale,

217 1013 352 1060 tunc
375 1006 589 1072 ederat,
617 1004 883 1072 gladiolo,
912 1004 1061 1059 vele·
1106 989 1948 1082 Q

218 1083 383 1137 minis
429 1089 676 1150 partem,
725 1097 842 1151 quo
891 1091 1062 1151 caput

214 1161 516 1215 Leocediae
554 1162 866 1230 tegebatur,
913 1163 1058 1215 rese-

215 1240 356 1311 cuit;
386 1241 627 1308 eamque
649 1255 779 1293 cum
806 1240 960 1308 regio
988 1240 1059 1293 si-

212 1318 331 1372 mul
376 1317 563 1372 cultro
606 1317 816 1371 celebri
851 1333 1060 1387 pompa

210 1397 269 1450 in
289 1396 604 1450 sacrarium
623 1395 829 1462 intulit,
855 1397 951 1449 ubi
972 1413 1059 1451 us-

211 1491 322 1544 que
369 1475 545 1529 hedie
580 1477 857 1529 servetur.
914 1474 1057 1530 Scri-

212 1555 326 1625 psit
352 1554 531 1608 multa
561 1554 918 1608 luculentiori
948 1570 1058 1608 ser-

209 1633 394 1699 mone,
415 1647 678 1701 quorum,
696 1632 872 1686 veriis
890 1634 1059 1687 mole-

208 1712 447 1766 stiarum
472 1711 938 1780 occupationibus
957 1712 1056 1764 im-

208 1791 453 1861 pedituS‚
494 1790 687 1858 eliqua
717 1796 921 1858 coepta,
959 1790 1057 1843 eli-

1252 1120 1362 1173 Die
1391 1122 1470 1174 17.
1501 1121 1810 1175 Februarii.

1149 1212 1216 1274 S.
1243 1212 1630 1287 Telesphori
1648 1226 1819 1296 Papae
1851 1232 1907 1283 et

1382 1305 1661 1374 Martyris

1332 1377 1710 1451 Semiduplex.

1167 1463 1355 1512 Omnia
1386 1464 1449 1514 de
1487 1465 1757 1516 Communi
1792 1466 1943 1516 unius

1104 1532 1271 1594 Mart.,
1295 1543 1481 1596 praeter
1503 1539 1780 1598 sequentia.

1166 1612 1363 1660 Oratio·
1394 1613 1560 1674 DeuS‚
1583 1615 1670 1677 qui
1693 1628 1804 1661 nos,

1168 1695 1233 1742 Et
1255 1696 1310 1742 fit
1335 1712 1599 1748 commem.
1621 1701 1804 1751 Feriae.

1165 1773 1228 1821 In
1257 1773 1300 1821 I.
1323 1774 1471 1824 Noct.
1498 1777 1641 1827 Lect.
1674 1780 1721 1825 A
1750 1780 1950 1829 Mileto.

208 1886 323 1939 qua
345 1869 657 1937 semiplena
678 1869 921 1937 reliquit.
946 1868 1055 1923 Ob·
1106 1842 1168 1890 de
1192 1843 1371 1890 eodem
1388 1845 1584 1893 Comm.
1608 1847 1803 1896 1-1000·

207 1949 271 2005 fit
299 1949 532 2004 tandem
564 1947 729 2001 divus
756 1947 1055 2017 Ildephen-

208 2046 305 2084 sus
336 2027 576 2083 feliciter
595 2041 661 2080 ac
688 2034 897 2094 sancte,
925 2042 1055 2081 cum

208 2107 449 2163 sedisset
477 2105 534 2157 in
559 2106 890 2175 episcopatu
916 2108 1056 2158 afios

208 2201 436 2252 novem,
485 2200 707 2239 menses
757 2184 924 2240 duos:
974 2200 1055 2238 se-

207 2265 521 2336 pultusque
573 2269 658 2316 est
712 2263 770 2316 in
826 2263 1055 2317 basilica

208 2343 515 2399 Leocediae
536 2342 686 2396 circa
712 2357 919 2395 annum
942 2342 1054 2396 De-

207 2423 348 2476 mini
429 2422 898 2475 sexcentesimum
972 2437 1055 2475 se-

206 2501 624 2570 ptuagesimum
734 2500 1055 2568 septimum,

207 2579 597 2634 Recesvintho
658 2578 715 2631 in
776 2578 1056 2647 Hispania

205 2659 497 2726 regnante.
546 2657 718 2725 Cujus
753 2673 960 2726 corpus
997 2657 1053 2710 in

205 2735 456 2805 generali
489 2751 522 2788 a
540 2735 835 2791 Saracenis
853 2738 1055 2807 Hispa-

205 2815 438 2868 niarum
459 2815 827 2881 occupatione
846 2816 904 2869 in
924 2816 1055 2870 civi-

206 2893 388 2946 tetem
434 2892 836 2947 Zamorensem
880 2902 1056 2948 trans-

203 2970 390 3025 latum
441 2977 551 3032 est.
607 2978 662 3024 et
715 2973 771 3024 in
821 2972 1057 3027 ecclesia

203 3050 364 3104 beati
399 3048 558 3103 Petri
594 3048 900 3105 honorifice
937 3052 1055 3120 qui-

206 3129 429 3196 escenS,
456 3142 660 3193 magna
686 3128 841 3183 illius
862 3129 1056 3199 pepuli

205 3207 485 3275 religione
514 3205 731 3260 celitur.

287 3304 358 3371 R.
382 3303 499 3356 Iste
526 3309 612 3356 est
639 3305 752 3371 qui.

277 3414 344 3462 In
382 3414 485 3464 111.
525 3414 789 3464 Nocturno
827 3414 1054 3464 Homilia

216 3485 274 3533 in
309 3486 787 3547 Evangelium-Vos
821 3489 944 3536 estis
980 3488 1056 3537 sal

1256 1956 1328 2010 In
1360 1956 1432 2010 11.
1464 1958 1787 2015 Nocturna
1868 2004 1869 2007 ,

1378 2043 1571 2102 Lectio
1598 2048 1673 2103 iv.

1154 2173 1167 2202 2-
1211 2163 1271 2212 ᾗ
1291 2137 1648 2206 elesphoruS‚
1721 2135 1949 2191 natione

1210 2215 1278 2288 ἕξω-ξ.
1308 2220 1563 2284 GraecuS,
1591 2218 1774 2286 petria
1797 2217 1948 2271 Thu-

1107 2373 1209 2442 cia,
1231 2390 1302 2428 ex
1321 2375 1652 2443 presbytero
1673 2375 1949 2426 Romanae

1107 2452 1376 2507 Ecclesiae
1399 2452 1580 2517 (cujus
1600 2450 1830 2517 dignum
1851 2450 1948 2502 mi-

1107 2531 1353 2584 nistrum
1415 2530 1626 2597 egerat)
1680 2526 1949 2581 Pentifex

1107 2607 1388 2662 Maximus
1424 2607 1647 2661 creatus
1682 2612 1787 2660 est.
1822 2605 1949 2659 Hoc

1108 2688 1437 2755 supremum
1465 2701 1670 2740 munus
1687 2686 1764 2739 ita
1794 2684 1951 2752 obiit,

1107 2772 1170 2819 ut
1199 2765 1442 2820 eximius
1469 2765 1627 2819 Petri
1655 2766 1950 2820 successor

1107 2845 1285 2898 lectus
1335 2859 1458 2898 esse
1500 2843 1806 2898 videretur.
1880 2843 1946 2896 In

1107 2923 1226 2991 ejus
1252 2923 1522 2976 cathedra
1541 2922 1686 2975 sedit
1714 2923 1823 2975 sub
1849 2921 1950 2974 im-

1106 3003 1369 3069 peratere
1386 2999 1680 3054 Antonino
1699 3000 1820 3067 Pio,
1842 3000 1951 3053 fer·

1108 3081 1277 3133 vente
1329 3078 1735 3147 persecutienis
1787 3086 1946 3134 aestu.

1110 3158 1221 3224 Qui
1248 3160 1437 3210 tamen
1462 3172 1578 3210 non
1605 3157 1839 3224 ebstitit,
1877 3172 1949 3210 ne

1108 3235 1365 3290 sedulam
1410 3235 1641 3302 ‹Speram
1687 3235 1947 3302 regendae

1110 3314 1320 3370 Christi
1358 3314 1625 3368 Ecclesiae
1673 3312 1949 3367 sollicitus

1108 3393 1352 3448 navarit.

1185 3476 1256 3542 Rn.
1276 3480 1595 3534 Honestum
1623 3479 1773 3535 fecit.

1306 2297 1575 2351 riensisin
1590 2312 1790 2364 magna
1802 2295 1956 2350 Grae·
2024 2314 2025 2317 ¹
