2646 3976
791 620 946 667 Festa
968 620 1224 668 Octobris.
1257 620 1376 680 (29.)

1862 619 1958 666 63*

208 739 320 807 Qui
346 740 644 809 pergentes
662 738 899 807 ingressi
925 743 1059 792 sunt
1111 738 1188 791 Hi
1241 745 1432 793 autem
1486 740 1588 808 qui
1633 740 1792 794 missi
1840 740 1959 795 flie-

209 818 445 872 domum
471 817 721 872 mulieris
745 816 1060 871 meretricis
1110 821 1258 883 rant,
1305 817 1484 870 secuti
1530 823 1664 873 sunt
1712 833 1811 873 eos
1856 833 1961 888 per

209 896 441 950 nemine
478 896 710 963 Rahab‚
745 902 800 950 et
834 895 1061 963 quieve-

1112 894 1265 947 viam
1292 909 1425 962 quae
1461 896 1616 950 ducit
1645 897 1718 950 ad
1747 896 1958 950 vadum

211 982 349 1029 runt
366 974 519 1043 apud
538 988 684 1028 eam.
707 973 1062 1029 Nuntiatiim-
1111 972 1411 1027 soi-danis:
1456 973 1683 1042 illisque
1718 975 1960 1042 egressis

212 1068 329 1122 que
353 1060 440 1106 est
472 1052 591 1120 regi
618 1053 655 1107 J
657 1051 865 1116 erich0,
902 1058 959 1106 et
982 1050 1063 1105 di-

211 1138 366 1186 ctum
383 1152 395 1185 :
407 1131 553 1185 Ecce
563 1130 670 1184 viri
680 1130 918 1197 ingressi
929 1138 1061 1185 sunt

1112 1050 1302 1103 statim
1367 1057 1533 1119 porta
1598 1052 1793 1106 clausa
1855 1059 1959 1106 est.

1114 1128 1368 1184 Necdum
1401 1129 1830 1184 obdormierant
1858 1131 1956 1198 qui

210 1210 326 1264 huc
351 1224 456 1277 per
481 1215 702 1263 noctem
730 1208 801 1262 de
826 1207 961 1262 filiis
979 1207 1060 1262 Is-
1111 1207 1391 1273 latebant,
1454 1214 1512 1262 et
1566 1224 1695 1263 ecce
1757 1208 1961 1263 miilier

210 1288 348 1355 rael,
368 1294 431 1341 ut
447 1287 815 1355 explorarent
831 1294 1061 1341 terram.

210 1366 484 1434 Misitque
495 1380 599 1419 rex
611 1364 650 1420 J
650 1365 842 1419 ericho
861 1364 935 1418 ad
949 1365 1060 1418 Ra·

211 1446 346 1511 hab,
365 1444 583 1498 dicens:
610 1443 771 1498 Educ
789 1443 945 1498 viros
962 1443 1062 1511 qui

213 1524 495 1577 venerunt
527 1522 601 1575 ad
630 1528 701 1585 te,
737 1528 793 1575 et
820 1521 1061 1591 ingressi

1113 1285 1368 1340 ascendit
1386 1286 1460 1340 ad
1489 1302 1606 1355 coe,
1633 1293 1689 1341 et
1714 1287 1820 1341 ait:
1847 1287 1960 1340 No·

1114 1364 1172 1418 vi
1209 1365 1367 1433 quod
1398 1366 1679 1421 Deminus
1713 1365 1959 1420 tradide-

1112 1443 1188 1497 rit
1239 1445 1406 1499 vobis
1460 1451 1696 1499 terram:
1752 1443 1961 1498 etenim

1113 1522 1280 1577 irruit
1314 1522 1375 1576 in
1410 1538 1516 1577 nos
1553 1528 1739 1577 terror
1772 1529 1962 1575 vester

211 1606 348 1656 sunt
382 1599 614 1654 domum
651 1607 836 1653 tuam:
872 1600 1061 1668 explo·
1112 1607 1169 1654 et
1206 1601 1578 1668 elanguerunt
1623 1615 1820 1653 omnes
1865 1599 1962 1652 ha·

212 1679 436 1733 rateres
475 1678 687 1747 quippe
725 1685 876 1745 sunt,
912 1684 966 1731 et
1004 1691 1063 1730 o·

209 1772 401 1812 mnem
441 1763 654 1812 terram
699 1756 1062 1810 considerare

210 1837 509 1890 venerunt.
560 1834 907 1903 'tollensque
942 1835 1062 1887 mii·

210 1914 319 1968 lier
339 1914 512 1982 virm,
540 1912 856 1979 abscondit,
884 1917 938 1965 et
959 1912 1062 1966 aits

211 1994 449 2057 Fateor,
503 1994 783 2046 venerunt
835 1992 910 2046 ad
956 2006 1063 2057 me,

214 2071 322 2126 sed
338 2071 660 2126 nesciebam
676 2070 829 2124 unde
848 2074 1061 2124 essent:

1114 1678 1387 1733 bitatdres
1406 1686 1590 1732 terrae.
1611 1677 1962 1732 Audivimus

1114 1755 1267 1824 quod
1329 1755 1625 1810 siccaverit
1677 1755 1961 1810 Deminus

1114 1849 1294 1902 aquas
1328 1833 1502 1887 maris
1538 1833 1725 1887 Rubri
1762 1832 1836 1886 ad
1869 1848 1963 1886 ve·

1114 1918 1294 1967 strum
1346 1911 1639 1966 inti-ditum
1653 1952 1667 1979 ,
1728 1910 1962 1980 quando

1114 1991 1325 2060 egressi
1369 1991 1506 2045 estis
1557 2006 1631 2045 ex
1679 1988 1961 2058 AEgypto:

1114 2078 1170 2124 et
1231 2084 1364 2138 quae
1420 2068 1669 2124 feceritis
1735 2068 1962 2122 dudbus

214 2166 463 2219 cumque
498 2156 666 2219 porta
704 2148 1064 2203 clauderetur
1113 2148 1585 2202 Amorrhaedrum
1595 2147 1845 2216 regibuS,
1864 2147 1964 2214 qui

210 2230 274 2283 in
322 2228 590 2290 tenebriS,
635 2234 693 2281 et
730 2227 812 2282 illi
849 2225 1063 2295 pariter
1112 2234 1272 2282 erant
1310 2233 1469 2280 trans
1498 2227 1535 2282 J
1539 2227 1831 2294 omanem,
1867 2225 1962 2282 Se·

212 2307 503 2371 exierunt,
537 2306 729 2361 nescio
764 2319 880 2373 quo
916 2304 1063 2359 abie·
1113 2307 1227 2360 hon
1272 2313 1330 2358 et
1376 2306 1485 2374 og,
1538 2320 1686 2374 quos
1735 2304 1963 2360 interfe-

210 2391 378 2452 runt3
414 2384 822 2454 persequimini
847 2383 979 2450 citu,
1006 2381 1062 2435 'et
1112 2384 1291 2438 cistis,

213 2463 710 2533 comprehendetis
737 2477 856 2517 eos,

1189 2475 1256 2541 Β.
1302 2468 1542 2537 Abiecta
1589 2469 1666 2522 ad
1710 2467 1964 2524 Narcissi

290 2565 361 2634 Rl·
392 2560 798 2629 Explorat6res
826 2558 1062 2625 evange·
1114 2548 1289 2617 pedes
1315 2546 1480 2613 Afra,
1510 2545 1679 2600 dixit:
1714 2545 1965 2599 Obsecro

213 2641 363 2695 licos
379 2681 393 2708 ,
445 2638 773 2696 Narcissum
820 2643 876 2692 et
921 2635 1061 2692 Fels-
1118 2634 1192 2694 te,
1218 2625 1482 2690 mimine,
1509 2633 1544 2668 *k
1571 2625 1649 2680 Ut
1675 2639 1765 2677 me
1788 2624 1964 2677 facias

210 2734 358 2785 cem,
396 2716 545 2773 Afra
572 2716 840 2770 meretrix
874 2714 1062 2783 hospi·
1119 2703 1380 2759 mundari
1426 2719 1459 2756 a
1510 2702 1758 2772 peccdtis
1804 2701 1964 2756 meis.

210 2798 294 2852 tio
321 2795 558 2864 excepit,
592 2800 627 2834 ἃ
657 2795 731 2848 Et
756 2794 867 2849 Dei
896 2792 1060 2846 mini·
1120 2781 1189 2852 W.
1223 2784 1400 2838 Beata
1447 2789 1535 2836 est
1577 2781 1719 2836 fides
1757 2787 1879 2847 tua,
1928 2795 1963 2834 ο

211 2882 367 2931 stros
396 2890 430 2928 a
459 2874 810 2943 paganel-um
835 2871 1061 2926 insidiis
1118 2863 1350 2917 mfilier!
1394 2861 1668 2916 faciemus
1695 2860 1754 2913 in
1781 2867 1837 2914 te
1863 2859 1962 2913 mi-

210 2953 495 3009 liberaeivit.
553 2948 623 3021 Y.
654 2951 814 3004 Felix
841 2948 1060 3015 miilier‚
1116 2940 1508 3006 sex-immam,
1554 2945 1613 2992 et
1651 2938 1965 2993 veritatem.

212 3047 349 3101 quae
386 3032 600 3086 bonum
641 3045 786 3099 opus
826 3027 1059 3097 operata
1119 3021 1217 3075 Ut.

210 3118 315 3165 est.
355 3111 444 3164 Et.

500 3198 700 3254 Lectio
728 3197 784 3253 ii.

232 3292 382 3415 Ipsa
409 3290 598 3339 autem
637 3283 771 3337 fecit
801 3279 1061 3335 ascende·

1382 3112 1579 3167 Lectio
1619 3111 1692 3164 iii.

1225 3208 1249 3255 t
1293 3201 1417 3254 haec
1461 3199 1754 3253 audientes
1799 3199 1967 3267 perti·

1245 3279 1510 3345 mfiimuS,
1528 3284 1585 3331 et
1601 3277 1849 3346 elanguit
1867 3291 1966 3332 cor

303 3377 368 3415 re
393 3362 547 3415 viros
573 3362 632 3415 in
663 3360 938 3416 solarium
965 3359 1060 3413 do·
1119 3364 1408 3424 nostrum,
1450 3371 1555 3410 nec
1598 3355 1872 3411 remansit
1906 3355 1966 3409 in

214 3456 346 3495 mus
389 3456 533 3508 suae,
575 3439 916 3509 operuitque
960 3451 1063 3491 eos
1119 3436 1286 3491 nobis
1311 3435 1546 3505 spiritus
1572 3435 1649 3488 ad
1674 3432 1967 3489 intrditum

214 3519 434 3589 stipula
469 3518 587 3587 lini,
629 3532 762 3587 quae
796 3517 878 3571 ibi
923 3522 1061 3571 erat.
1120 3520 1402 3570 vestrum:
1475 3513 1757 3569 Deminus
1819 3513 1966 3567 enim
