2646 3976
150 579 334 647 t-atus
360 597 363 602 ·
393 581 510 649 sit.
566 578 751 649 Cum
811 580 890 647 in
950 581 1068 648 his
1101 583 1227 649 fal-

147 665 385 740 lacem,
427 673 715 738 tantum
791 666 1230 752 sapientiam

143 751 615 839 erroremque
647 752 1057 838 reperisset,
1116 775 1230 837 su-

141 856 353 921 perna.
383 837 878 906 illustratiene
939 860 1072 924 per
1123 860 1227 907 se·

140 941 292 990 nem
379 925 772 1031 quemdam
858 924 1215 1011 ignetum,

140 1016 574 1098 aspectuque
733 1011 1222 1078 venerabilem

139 1089 443 1180 edectus,
514 1117 723 1163 verae
787 1096 1225 1164 christianae

135 1178 307 1248 fidei·
351 1181 904 1268 philosophiam
951 1184 1219 1268 ample-

113 1285 264 1333 xus
293 1277 423 1335 est.
465 1267 660 1335 Hinc
723 1268 979 1336 Sacrae
1035 1268 1217 1335 Scri-

135 1350 377 1433 pturae
406 1355 634 1422 libros
667 1353 799 1421 diu
849 1354 1217 1441 noctuque

135 1455 292 1519 prae
344 1441 686 1507 manibus
746 1440 1041 1525 habens,
1112 1441 1218 1507 ita

133 1541 215 1588 ex
271 1546 521 1592 eorum
583 1526 1047 1594 meditatieni
1111 1527 1215 1594 di-

135 1607 333 1677 vinus
368 1612 587 1699 ignis
644 1613 723 1678 in
783 1612 1026 1679 anima
1057 1614 1216 1679 eius

134 1693 407 1781 exarsit,
479 1707 566 1764 ut
624 1719 710 1764 ea
772 1717 919 1784 qua·
988 1698 1213 1783 polle-

132 1776 244 1845 bat
299 1783 735 1852 eruditienis
762 1784 853 1868 vi,
895 1784 1210 1853 eminen-

132 1868 262 1934 tem
314 1869 484 1937 Iesu
519 1869 795 1940 Christi
829 1869 1210 1938 scientiam

131 1949 445 2041 adeptus,
519 1955 835 2042 plurima
903 1957 1208 2024 conscri-

130 2040 339 2118 pserit
358 2042 737 2111 volumina
760 2042 1206 2111 adChristia-

128 2139 278 2191 nam
362 2129 585 2197 fidem
667 2128 1198 2215 exponendam,

129 2211 487 2301 magisque
549 2214 1119 2307 propagandam.

481 2361 732 2428 Lectio
758 2382 817 2427 v.

129 2522 376 2699 INter
434 2560 1016 2646 praeclarissima
1087 2560 1203 2627 Iu·

123 2641 364 2789 f'detini
384 2646 426 2712 e
482 2667 604 2714 era
624 2647 836 2713 binae
882 2643 1206 2713 eminent

151 2740 173 2784 1
222 2745 287 2792 ei

122 2802 358 2899 logiam,

125 2887 396 2986 Senatu,
488 2903 1020 2990 mperateribus
1051 2905 1199 2970 An-

122 2979 357 3054 tonino
417 2988 578 3070 Pio,
645 2990 949 3076 eiusque
997 2989 1190 3077 filiis,

120 3077 237 3165 neo
292 3090 438 3141 non
488 3074 746 3163 Marco
817 3074 1194 3153 Antonino

120 3142 319 3252 Vprn,
409 3169 483 3228 et
571 3160 799 3229 Lucio
889 3160 1194 3229 Aurelio

120 3230 497 3314 Commodo
556 3246 834 3315 Christi
884 3247 1194 3315 asseclas

119 3325 513 3402 saevissime
668 3332 1193 3401 divexantibus

119 3415 563 3504 Eorrexisset,
714 3418 1193 3507 eamdemque

116 3487 320 3564 fidem
355 3501 844 3591 ‚diSputando
896 3504 1192 3583 strenue

118 3589 162 3656 P
286 3588 661 3675 ugnasset,
686 3656 689 3663 ,
719 3584 1042 3659 obtinuit
1108 3601 1195 3669 ut

465 2732 865 2799 hristianae
992 2733 1205 2818 Apo—

508 2838 645 2901 uas¹
705 2839 886 2886 cum*
962 2839 1202 2885 coram

2253 514 2258 520 .
2289 397 2330 475 9

1322 581 1660 667 peratum
1715 582 1960 649 fuerit.
1990 581 2266 651 Verum
2299 581 2420 654 Iu·

1323 668 1518 740 stino
1577 667 1780 738 haud
1828 663 2205 772 percitum
2279 677 2409 734 est.

1321 752 1520 822 Nam
1607 751 2010 822 Crescentis
2128 753 2408 839 Cynici,

1319 840 1536 914 cuius
1593 841 1818 906 vitam
1880 845 1972 906 et‘
1998 860 2234 906 mores
2292 859 2414 906 ne-

1316 924 1545 1010 farios
1575 924 2060 1011 redarguerat,
2123 924 2418 994 insidiis

1312 1012 1718 1095 accusatus
1818 1033 1862 1079 a
1971 1010 2418 1077 satellitibus

1315 1097 1882 1183 comprehensus
1957 1106 2086 1164 est.
2156 1096 2416 1164 Addu—

1311 1190 1473 1249 ctus
1500 1192 1744 1250 autem
1770 1184 1865 1249 ad
1892 1182 2171 1250 Romae
2195 1182 2409 1249 Prae-

1311 1269 1542 1336 sidem
1605 1269 1897 1336 nemine
1988 1268 2403 1352 Rusticum,

1308 1376 1475 1422 cum
1565 1355 1686 1421 hic
1776 1357 1867 1422 ab
1959 1376 2042 1422 eo
2127 1356 2412 1440 quaesi-

1306 1441 1529 1507 visset
1667 1462 2025 1547 quaenam
2169 1448 2408 1508 essent

1307 1526 1889 1596 Christianorum
1989 1526 2397 1612 praecepta,

1304 1612 1495 1680 hanc
1560 1615 1822 1680 bonam
1878 1612 2405 1679 confessienem

1306 1720 1548 1765 coram
1610 1700 1863 1766 multis
1907 1698 2221 1765 testibus
2242 1719 2408 1764 con-

1303 1781 1545 1851 fessus
1576 1792 1709 1851 est:
1749 1785 2064 1851 Rectum
2108 1785 2394 1868 dogma,

1302 1871 1503 1955 quod
1566 1891 1698 1937 nos
1742 1869 2140 1937 Christiani
2172 1868 2400 1936 hemi-

1300 1976 1427 2023 nes
1490 1959 1657 2024 cum
1690 1955 1965 2042 pietate
1996 1955 2390 2040 servamus,

1298 2042 1437 2109 hoc
1499 2050 1631 2110 est:
1700 2050 1785 2125 ut
1846 2043 2085 2110 Deum
2168 2062 2404 2107 unum

1298 2128 1808 2197 existimemus
1884 2128 2234 2195 facterem
2295 2134 2399 2194 at-

1299 2235 1442 2300 que
1535 2215 1929 2283 creatorem
2074 2213 2408 2280 emnium

1298 2321 1486 2386 quae
1576 2301 1961 2383 videntur,
2069 2320 2401 2385 quaeque

1296 2387 1662 2471 corpereis
1724 2386 1958 2453 eculis
2021 2407 2168 2452 non
2252 2406 2393 2452 cer-

1295 2470 1608 2556 nuntur3
1635 2480 1708 2539 et
1730 2471 2128 2538 Deminum
2155 2472 2398 2537 Iesum

1296 2555 1673 2625 Christum
1729 2558 1867 2624 Dei
1919 2554 2198 2623 Filium
2232 2578 2400 2624 con-

1292 2642 1633 2711 fiteamur
1694 2644 1870 2710 olim
1901 2664 1944 2709 a
1999 2642 2402 2729 Prophetis

1293 2729 1920 2814 praenunciatum,
1966 2730 2099 2814 qui
2128 2735 2202 2798 et
2261 2730 2394 2796 hu-

1291 2813 1491 2882 mani
1579 2815 1864 2902 generis
1948 2815 2177 2889 iudex
2257 2837 2395 2882 ven

1294 2900 1504 2968 tsirus
1594 2907 1742 2968 est„
2203 2912 2210 2915 ’

1661 3073 1912 3139 Lectio
1944 3076 2037 3140 vi.

1409 3247 1719 3316 Ueniam
1752 3247 2084 3317 Iustinus
2132 3249 2211 3313 in
2240 3248 2388 3335 pri-

1406 3355 1524 3405 ma
1551 3354 1684 3423 sua
1714 3333 2085 3421 Apologia,
2107 3333 2384 3418 palam-

1284 3418 1725 3509 expossierat
1756 3419 2129 3507 quemodo
2181 3418 2386 3485 Chri-

1285 3504 1522 3579 stiani-
1539 3504 2012 3575 convenirent
2042 3504 2138 3570 ad
2181 3523 2388 3571 sacra

1283 3580 1733 3691 celebranda,
1773 3648 1776 3649 γ
1832 3598 1907 3658 et
2001 3598 2386 3675 quaenam

164 3593 239 3647 ro

114 3676 154 3723 a
178 3661 233 3729 C
325 3669 749 3755 ‘stianerum
809 3666 1027 3756 caede
1059 3675 1188 3762 pl'l-
1277 3674 1558 3744 fuerint
1587 3676 1777 3749 sacri
1814 3675 2039 3743 huius
2072 3673 2385 3742 conven-

115 3740 295 3817 blico
311 3752 737 3847 Principum
757 3760 998 3829 edicto
1017 3768 1189 3829 tem=
1278 3758 1412 3828 tus
1458 3760 1808 3846 mysteria
1874 3761 1971 3827 ad
2030 3759 2381 3844 repellen-
