2646 3976
106 560 329 644 adeo,
394 562 474 628 in
578 561 855 631 earum'
916 566 1223 636 scientia

106 647 467 731 profecit,
519 659 604 716 ut
656 651 1110 721 orthodoxae
1140 655 1231 719 fi-

105 732 227 799 dei
282 734 638 803 strenuus
697 737 1012 807 assertor
1059 739 1217 807 eva-

104 820 305 887 serit.
376 820 809 890 Monasticis
855 824 1219 892 institutis

103 904 466 989 imbutu'S,
565 909 964 994 perpetuae
1026 932 1215 978 -con-

107 990 489 1074 tinentiae,
589 996 934 1081 omnique
1023 1018 1215 1063 sev-e·

105 1077 278 1144 riori
313 1078 620 1146 vivendi
671 1081 938 1149 rationi
986 1104 1061 1149 se
1093 1084 1215 1149 ad-

103 1163 393 1231 dictum
460 1164 715 1233 voluit.
807 1168 1215 1254 Postquam

104 1269 143 1314 a
197 1258 461 1317 sancto
522 1251 852 1321 Maximo
877 1254 1213 1321 Hieroso-

102 1335 348 1418 lymae
401 1337 769 1423 Episcopo
830 1339 1216 1426 presbyter

103 1422 496 1489 ordinatus
539 1424 705 1506 suit,
757 1445 1027 1492 munus
1061 1447 1212 1492 ver-

105 1506 178 1571 bi
266 1509 514 1575 divini
585 1509 930 1577 fidelibus
1008 1532 1209 1597 prae-

106 1591 405 1660 dicandi
495 1605 568 1661 et
652 1598 1210 1665 catechumenos

105 1678 461 1747 edocendi
489 1701 773 1748 summa
793 1703 960 1748 cum
991 1684 1210 1750 laude

103 1762 464 1849 implovit,
536 1773 759 1853 atque
799 1767 984 1847 „illas
1044 1790 1209 1836 vere

107 1849 477 1919 mirandas
540 1854 974 1939 conscripsit
1021 1864 1205 1921 catc-

107 1933 370 2023 (meses,
414 1938 690 2025 quibus
722 1946 952 2008 totam
985 1941 1202 2009 eccle-

107 2021 473 2091 siasticam
540 2026 947 2094 doctrinam
1016 2026 1202 2095 dilu-

104 2105 256 2175 cide
289 2117 364 2177 et
407 2110 701 2195 copiose
743 2112 1193 2198 complexuS‚

105 2191 388 2279 singula
443 2196 816 2283 religionis
861 2198 1204 2286 dogmata

104 2286 351 2348 contra
410 2283 599 2348 fidei
658 2283 911 2351 hostes
973 2285 1203 2352 solide

104 2368 619 2511 Eropugnavit.
718 2371 835 2436 Ita
894 2392 1063 2438 vero
1123 2371 1202 2436 in

154 2447 214 2514 is
275 2454 656 2521 enucleate
717 2462 790 2521 et
856 2456 1203 2523 distincte

104 2531 468 2623 disseruit,
507 2548 591 2605 ut
614 2561 760 2608 non
785 2543 1020 2608 solum
1052 2543 1200 2608 iam

105 2620 390 2690 exortas
420 2626 777 2710 haereses,
838 2629 968 2694 sed
999 2627 1196 2697 funi-

103 2721 213 2771 1118
243 2710 467 2777 etiam
490 2714 704 2796 quasi
734 2714 1198 2800 praesagiens

106 2789 458 2880 everterit,
575 2800 1196 2883 quemadmodum

104 2881 474 2971 proestitit
515 2884 902 2952 asserendo
930 2885 1194 2986 Corpo-

104 2976 197 3025 rls
273 2973 347 3032 et
439 2968 835 3055 Sanguinis
922 2971 1198 3039 Christi

104 3046 362 3147 realem
423 3055 913 3139 praesentiam
956 3057 1034 3122 in
1068 3057 1195 3123 mi-

104 3132 312 3201 rabili
371 3139 876 3209 Eucharistiae
965 3164 1193 3209 sacra·

105 3215 363 3289 monto,
428 3225 606 3295 Vita
638 3235 884 3295 autem
938 3223 1195 3296 functo

106 3314 346 3397 Sancto
408 3310 759 3397 Maximo,
828 3336 873 3380 a
902 3315 1190 3399 provin-

105 3401 248 3454 clae
279 3395 642 3483 episcopis
716 3399 794 3465 in
840 3400 1040 3467 illius
1090 3402 1191 3466 lo-

103 3487 259 3539 cum
292 3480 646 3551 suffectus
707 3494 871 3553 est„

469 3707 815 3722 ———·—'——

1682 576 1934 642 Lectio
1967 598 2023 644 v.

1392 748 1464 814 N
1563 750 2013 836 Episcopatu
2098 725 2404 822 iniuria-s
2463 784 2469 790 ·

1392 836 1663 902 multas
1752 847 1825 903 et
1922 840 2393 925 calamitateS,

1306 939 1454 986 non
1501 942 1707 989 secus
1750 944 1835 990 ac
1882 925 2141 991 beatus
2173 927 2401 993 Atha-

1307 1006 1578 1089 nasius,
1612 1009 1730 1075 cui
1762 1030 2070 1077 coaevus
2096 1020 2269 1094 erat,
2309 1011 2401 1079 ab

1306 1093 1747 1161 Arianorum
1818 1096 2263 1164 factionibus
2322 1099 2399 1163 fi-

1304 1178 1425 1244 dei
1456 1200 1674 1247 causa
1748 1202 2136 1267 perpessus
2225 1184 2391 1251 fuit.

1304 1264 1407 1329 Hi
1496 1266 1690 1332 enim
1778 1288 1988 1354 aegre
2084 1269 2399 1337 ferentes

1304 1350 1664 1434 Cyrillum
1726 1353 2190 1421 vehementer
2234 1355 2396 1422 hae-

1301 1436 1584 1505 rosibus
1694 1440 2061 1522 obsistere,
2153 1443 2397 1526 ipsum

1302 1521 1688 1590 calumniis
1740 1547 1832 1612 ag
1881 1527 2285 1610 redilintur,
2327 1537 2399 1594 et

1298 1610 1376 1673 in
1431 1610 1840 1678 conciliabu
1875 1634 1917 1678 o
1980 1613 2397 1698 depositum

1299 1715 1338 1761 9
1371 1715 1503 1761 sua
1558 1697 1726 1763 sede
1752 1698 2161 1766 deturbant.
2204 1700 2392 1779 Quo-

1297 1800 1460 1846 rum
1492 1782 1725 1848 furori
1773 1794 1858 1849 ut
1891 1805 1965 1850 se
2018 1786 2391 1851 subtrahe-

1297 1872 1427 1949 ret,
1470 1869 1770 1934 Tarsum
1832 1869 2131 1937 Ciliciae
2183 1871 2393 1938 aufu-

1291 1952 1422 2039 git,
1457 1961 1531 2021 et
1556 1955 1800 2040 quoad
1829 1955 2021 2023 vixit
2041 1957 2392 2024 Constan-

1294 2040 1465 2122 tius,
1504 2042 1726 2107 exili.
1777 2042 2084 2127 rigorem
2146 2045 2393 2129 pertu-.

1291 2125 1401 2192 lit.
1501 2127 1681 2193 Post
1770 2129 1973 2194 illius
2055 2138 2382 2212 mortem,

1294 2211 1591 2281 Iuliano
1646 2215 2009 2299 Apostata
2037 2216 2132 2282 ad
2165 2215 2389 2299 impe-

1291 2299 1483 2365 rium
1592 2300 1869 2384 evoctQ
1969 2301 2389 2386 Hierosoly-

1292 2405 1486 2450 mam
1577 2387 1814 2454 redire
1903 2386 2169 2472 potuit,
2259 2390 2391 2454 ubi

1292 2470 1582 2537 ardenti
1629 2473 1780 2538 zelo
1839 2474 2044 2559 gregi
2104 2495 2237 2540 suo
2298 2476 2389 2540 ab

1290 2556 1655 2624 erroribus
1705 2567 1788 2624 fet
1840 2580 1881 2625 a
1942 2560 2143 2625 vitiis
2190 2581 2386 2628 revo-

1289 2642 1522 2709 cando
1555 2643 1846 2728 operam
1879 2646 2194 2712 navavit.
2248 2647 2389 2713 Sed

1289 2729 1575 2812 iterum,
1643 2730 1957 2800 Valente
1990 2732 2385 2817 Imperato-

1285 2836 1381 2898 19,
1481 2817 1782 2883 exulare
1875 2818 2170 2885 coactus
2252 2828 2378 2899 est,

1286 2902 1536 2985 donec,
1642 2903 1931 2970 reddita
2022 2904 2386 2972 Ecclesiae

1289 3008 1464 3071 pace
1525 3009 1655 3072 per
1714 2989 2199 3056 Theodosium
2234 2992 2383 3057 Ma·-

1336 3093 1532 3154 num‚
1603 3085 1676 3141 et
1725 3075 2163 3142 Arianorum
2226 3099 2380 3143 cru-

1338 3159 1589 3225 elitate
1669 3162 2145 3248 >audasiaque
2263 3185 2385 3230 19-

1286 3244 1553 3329 pressa,
1625 3249 1716 3313 ab
1748 3247 1996 3314 eodem
2061 3249 2379 3334 Impera-

1283 3330 1437 3398 tore
1498 3340 1872 3419 tamquam
1933 3335 2382 3402 fortissimus

1283 3416 1559 3484 Christi
1640 3419 1919 3487 athleta
1981 3420 2380 3486 honoribus

1280 3502 1668 3590 susceptus
1722 3526 1894 3572 suae
1923 3542 1926 3547 ·
1956 3506 2115 3571 sedi
2176 3506 2379 3571 resti-

1277 3589 1490 3656 tutus
1536 3591 1703 3658 fuit.
1788 3591 2023 3670 Quam
2086 3590 2380 3675 strenue

1276 3684 1366 3759 et,
1425 3684 1671 3743 sancte
1746 3675 2087 3742 sublimis
2158 3675 2377 3742 officii

1276 3761 1392 3828 sui
1413 3763 1667 3829 munia
1705 3761 2139 3846 imploverit3
2173 3763 2374 3828 lucu?

2471 3898 2553 3920 ‚fl
