2646 3976
678 582 777 632 22*

681 724 785 779 per
806 708 1035 775 Virgine
1060 706 1239 760 Maria
1266 705 1524 774 peceato-

1332 584 1477 632 Festa
1505 582 1651 631 Julii.
1684 582 1773 642 (4.)

1734 704 1805 757 In
1837 705 1910 757 11.
1934 704 2251 758 Nocturno.

680 802 810 841 rum
845 785 1127 853 refugium
1162 791 1219 838 et
1246 782 1524 838 auxilium
1574 789 1777 845 Sermo
1797 791 2433 847 S.Bern11rdiAbbatis.

681 863 997 920 collocasti:
1017 862 1264 917 concede
1281 881 1296 930 ς
1315 867 1381 916 ut
1398 861 1524 931 ipsa

1685 881 1747 930 In
1768 879 2049 928 Nativitate
2070 879 2130 926 Β.
2150 877 2222 924 M.
2234 877 2302 928 V.

681 941 1027 1013 protegente,
1066 956 1099 995 a
1128 941 1311 1009 culpis
1347 939 1525 994 dmni-
1576 953 1653 1002 De
1672 964 1816 1014 aquae
1832 951 1987 998 ductu
2002 948 2422 1010 etanraerog.

683 1023 791 1075 bus
828 1019 1090 1087 absolon,
1118 1017 1525 1074 misericordiae

683 1106 799 1153 tuae
834 1098 1099 1153 effectum
1140 1096 1361 1151 felicem
1395 1111 1527 1151 con-

1840 1037 2036 1092 Lectio
2064 1037 2138 1090 iv.

1697 1120 1977 1188 ntuere
2002 1121 2262 1190 ohom0,
2291 1136 2431 1176 con·

684 1179 1005 1247 sequamur.
1056 1176 1168 1232 Per
1195 1176 1523 1230 Dominum.
1595 1170 1629 1255 5
1704 1182 1729 1276 ’,ξ
1771 1198 1958 1253 smum
1994 1199 2130 1268 Dei
2177 1200 2431 1268 agndsoe

824 1272 934 1330 Ad
958 1272 1384 1330 Matutinum.

1687 1284 1705 1299 ’“
1771 1278 2072 1332 consilium
2109 1278 2430 1349 sapientiae,

747 1364 910 1417 Invit
983 1361 1224 1417 Beatam
1280 1360 1521 1414 Mariam
1580 1356 1877 1412 consilium
1907 1356 2149 1426 pietatis.
2189 1356 2429 1412 Coelesti

684 1439 994 1507 Virginem,
1020 1439 1242 1507 refuigisi
1267 1445 1525 1492 nostrum
1579 1450 1714 1489 rore
1750 1437 1938 1489 aream
1984 1436 2298 1505 rigatiiruS,
2344 1442 2431 1491 to·

684 1518 1061 1574 celebremus:
1087 1521 1112 1551 *
1155 1516 1446 1571 Christum
1473 1531 1526 1569 e-

686 1597 772 1664 ius
790 1596 1000 1651 Filium
1029 1596 1332 1651 adoremus
1353 1595 1527 1648 Dfim.

753 1676 843 1729 Ps.
873 1675 1075 1730 Venite
1102 1675 1463 1729 exsultemus

958 1763 1235 1833 Hymnus,

682 1850 835 1974 Te,
861 1842 1043 1896 Mater
1071 1843 1220 1895 alma
1248 1842 1528 1910 NfiminiS‚

839 1921 1082 1976 Oramus
1102 1935 1298 1975 omnes
1318 1921 1528 1992 suppli-

688 2077 742 2131 A
786 2015 1128 2132 fraudezexssos
1163 2086 1225 2132 ut
1253 2078 1528 2132 daemonis

689 2155 817 2208 Tua
845 2156 952 2209 sub
978 2158 1181 2210 umbra
1210 2156 1494 2224 protegas.

773 2242 857 2297 Ob
868 2242 1149 2312 perditum
1163 2248 1422 2299 nostrum
1441 2258 1534 2311 ge-

690 2400 869 2456 Primi
902 2338 1156 2470 passlelgtis
1194 2399 1433 2454 crimine

689 2481 784 2535 Ad
822 2479 1095 2548 inclytum
1123 2478 1320 2533 Matris
1358 2480 1531 2535 decus

691 2559 777 2613 Te
812 2558 939 2611 Rex
978 2560 1278 2627 supremus
1315 2559 1530 2613 extulit.

760 2643 1081 2699 Clementer
1105 2660 1241 2715 ergo
1270 2647 1531 2715 prospice

692 2723 896 2793 Lapsis
933 2723 1144 2777 Adami
1180 2724 1449 2793 posteris:

689 2802 746 2857 A
783 2808 839 2855 te
876 2803 1106 2869 rogatus
1134 2803 1308 2856 Filius

691 2880 957 2948 Deponat
993 2880 1134 2933 iram
1172 2881 1468 2937 vindicem.

756 2969 898 3023 Jesu
933 2966 1037 3021 tibi
1073 2967 1145 3021 sit
1173 2968 1370 3038 gloria,

694 3046 805 3114 Qui
838 3054 1004 3101 natus
1040 3063 1101 3101 es
1139 3048 1211 3102 de
1236 3047 1485 3120 Virgine,

694 3126 835 3182 Cum
865 3127 1037 3181 Patre
1062 3134 1118 3181 et
1145 3128 1294 3181 almo
1320 3129 1529 3198 Spiritu

691 3206 760 3260 In
797 3205 1138 3274 sempiterna
1174 3206 1396 3261 saecula.

974 3283 1206 3341 Amen..

751 3360 808 3404 In
859 3358 900 3407 Ι.
947 3357 1211 3406 Nocturno
1255 3360 1527 3407 Lectiones

690 3426 811 3488 Ego
855 3430 1120 3491 sapientia.
1167 3437 1222 3475 ut
1274 3429 1327 3475 in
1384 3427 1526 3476 festis

691 3494 750 3541 B.
766 3495 838 3541 M.
855 3495 916 3544 V.
938 3509 1029 3558 per
1052 3509 1257 3544 annum.

1581 1521 1701 1569 tum
1748 1512 1930 1567 vellus
1977 1515 2135 1582 prius
2183 1514 2426 1570 infodit:

1580 1592 1979 1660 redemptiirus
2006 1593 2321 1647 humanum
2338 1609 2433 1662 ge-

1581 1687 1714 1740 nuS‚
1775 1671 2019 1740 pretium
2088 1671 2428 1727 universum

1579 1749 1819 1805 contulit
1853 1750 1910 1803 in
1938 1749 2193 1804 Mariam.
2230 1751 2432 1806 Altius

1582 1843 1714 1896 ergo
1775 1828 2135 1897 intueamini,
2208 1837 2431 1897 quanto

1582 1907 1900 1961 devotionis
1937 1907 2142 1962 affectu
2185 1923 2219 1962 a
2256 1908 2430 1963 nobis

1582 2000 1708 2039 eam
1735 1983 1979 2039 voliierlt
2012 1984 2302 2058 honorari,
2328 1987 2429 2058 qui

1583 2063 1762 2118 totius
1825 2066 1959 2119 boni
2015 2065 2428 2134 plenittidinem

1582 2141 1774 2211 posuit
1797 2142 1855 2196 in
1875 2143 2073 2211 Maria,
2086 2151 2148 2197 ut
2165 2145 2433 2214 proinde,

1584 2230 1633 2283 si
1660 2230 1798 2298 quid
1825 2232 1946 2300 spei
1966 2233 2023 2284 in
2054 2228 2220 2286 nobis
2248 2240 2352 2299 est,
2382 2233 2432 2287 si

1584 2307 1722 2376 quid
1758 2309 1983 2378 gratiae,
2020 2310 2069 2364 si
2103 2311 2241 2379 quid
2279 2310 2434 2366 sahi·

1584 2387 1684 2455 tis,
1722 2388 1795 2441 ab
1832 2403 1896 2441 ea
1936 2389 2262 2444 noverimus
2300 2391 2430 2444 red-

1584 2465 1822 2534 undare,
1850 2482 1979 2535 quae
2006 2467 2261 2522 ascendit
2289 2467 2431 2521 deli-

1584 2543 1684 2597 ciis
1712 2542 1970 2598 affluens
2012 2545 2230 2599 Hortus
2257 2545 2433 2614 plene

1585 2622 1933 2691 deliciarum,
1952 2630 1953 2635 ’
1971 2640 2139 2692 quem
2163 2639 2278 2678 non
2305 2639 2430 2678 mo·

1585 2701 1661 2754 do
1699 2701 1985 2757 afflaverit
2019 2704 2278 2771 veniens,
2323 2705 2434 2759 sed

1584 2786 1641 2835 et
1669 2781 1997 2849 perflaverit
2019 2783 2435 2851 superveniens

1585 2866 1778 2913 auster
1803 2860 1896 2914 ille
1919 2859 2162 2930 divinus,
2182 2868 2247 2915 ut
2264 2861 2433 2916 sindi-

1586 2953 1697 3006 que
1733 2937 1908 2993 fluant
1936 2946 1991 2993 et
2030 2940 2268 2995 effluant
2300 2942 2427 2995 aro·

1585 3023 1738 3071 mata
1771 3018 1907 3087 eim,
1943 3018 2292 3072 charismata
2325 3019 2432 3072 sci·

1584 3095 1713 3149 licet
1739 3096 2065 3162 gratiarum.
2117 3097 2279 3151 Tolle
2306 3111 2430 3152 cor-

1585 3189 1694 3243 pus
1727 3173 1837 3229 hoe
1871 3174 2084 3239 solare,
2119 3177 2274 3244 quod
2304 3175 2431 3229 inti-

1584 3253 1765 3307 minat
1801 3253 2096 3321 mundum,
2132 3255 2231 3308 ubi
2262 3255 2432 3308 dies?

1588 3332 1753 3387 Tolle
1782 3332 2039 3399 Mariam,
2071 3333 2219 3388 hanc
2254 3333 2432 3388 maris

1585 3411 1825 3479 stellam,
1837 3412 2010 3465 maris
2023 3412 2223 3481 titique
2239 3411 2432 3480 magni

1586 3498 1643 3547 et
1660 3491 1917 3560 spatiosi:
1947 3491 2086 3560 quid
2113 3491 2222 3544 nisi
2241 3490 2435 3558 caligo
