2646 3976
651 564 746 611 42*

724 688 840 743 Fae
890 702 1110 742 mecum
1158 688 1383 756 signum
1435 687 1495 740 in

1146 566 1418 614 Dominica
1442 564 1541 613 111.
1565 574 1679 627 post
1702 566 1886 628 Epiph.

1628 688 1879 744 Ostende
1931 686 2101 741 nobis
2149 687 2397 741 deine

654 767 884 833 bonum,
914 772 976 819 ut
997 766 1225 819 videant
1244 766 1344 833 qui
1365 765 1495 819 ode·
1550 765 1997 820 misericerdiam
2033 770 2217 818 tuam:
2262 765 2299 800 ³*
2335 771 2398 820 et

652 849 785 896 runt
808 858 915 910 me,
950 849 1006 897 et
1041 843 1495 897 confundantur:

653 920 689 957 ³*
725 921 998 988 queniam
1031 927 1095 975 tu
1122 915 1369 976 deine
1400 921 1496 975 ad-

650 998 845 1068 juvisti
872 1014 979 1067 me,
1007 1005 1062 1054 et
1083 1000 1410 1054 consolatus
1433 1016 1496 1055 es

652 1093 758 1132 me.

728 1155 862 1211 Ant.
891 1156 981 1210 Sic
998 1156 1055 1210 in
1074 1156 1162 1210 sui
1189 1157 1380 1211 cordis
1398 1157 1496 1211 ho-

652 1234 822 1301 spitio
862 1233 1185 1289 Creatdrem
1228 1236 1496 1304 suscepit,

653 1320 715 1366 ut
761 1328 960 1381 pacem
1009 1314 1201 1381 terriS,
1254 1314 1494 1368 saltitem

651 1391 907 1459 perditis,
935 1392 1107 1446 vitam
1130 1393 1372 1446 mdrtuis
1389 1407 1496 1462 pro

652 1469 912 1523 mercede
937 1472 1271 1538 reportaret.

733 1544 862 1599 Ant.
886 1546 1283 1616 Consoleimini‚
1302 1548 1494 1616 pusill-

652 1624 896 1692 ainimes3
943 1626 1234 1694 respirate,
1271 1626 1496 1696 miseri3

651 1702 826 1771 Virgo
848 1703 1098 1772 Deipara
1115 1705 1282 1759 nobis
1302 1711 1388 1759 est
1406 1705 1498 1758 ad·

651 1783 853 1835 vocata
899 1782 1150 1851 sapiens,
1198 1784 1405 1837 iddnea
1440 1791 1499 1838 et

652 1860 1007 1915 universalis.

888 1962 1149 2017 Psalmus
1187 1964 1270 2018 84.

668 2051 1054 2178 Benedixisti
1103 2053 1349 2107 Demine
1393 2060 1499 2108 ter-

788 2143 912 2182 ram
949 2136 1130 2184 tuam:
1167 2131 1204 2167 ³*
1244 2132 1496 2187 avertisti

651 2207 1038 2277 captivitatem
1066 2209 1263 2263 Jacob.

723 2285 1016 2339 Remisisti
1027 2287 1382 2355 iniquitatem
1391 2289 1499 2358 ple·

652 2364 740 2418 bis
767 2370 903 2417 tuae:
932 2363 970 2400 ³*
1005 2368 1280 2434 operuisti
1307 2368 1497 2422 dmnia

652 2445 882 2512 peecata
909 2444 1122 2497 ebrum.

724 2522 990 2590 Mitigasti
1054 2538 1279 2578 omnem
1352 2525 1496 2578 iram

651 2604 835 2653 tuam:
863 2600 900 2635 ³*
926 2601 1181 2655 avertisti
1208 2604 1282 2655 ab
1307 2603 1394 2655 ira
1418 2602 1498 2655 in·

652 2676 994 2744 dignatidnis
1021 2686 1152 2733 tuae.

723 2756 1007 2811 Converte
1033 2772 1138 2811 nos
1164 2759 1321 2811 Deus
1350 2756 1497 2810 salu·

653 2834 793 2887 teris
840 2842 1056 2889 noster:
1106 2835 1144 2872 ³*
1196 2841 1252 2889 et
1301 2836 1498 2890 averte

650 2912 795 2966 iram
823 2921 979 2966 tuam
1008 2928 1041 2967 a
1069 2915 1250 2969 nobis.

723 2990 1017 3059 Numquid
1089 2993 1146 3045 in
1219 2996 1494 3049 aeternum

652 3069 914 3124 irasceris
951 3072 1156 3127 nobis?
1200 3073 1237 3108 ³*
1271 3079 1370 3127 aut
1404 3083 1496 3127 ex·

558 3206 565 3213 ,
651 3147 850 3202 tendes
889 3147 1032 3203 iram
1070 3156 1225 3205 tuam
1266 3167 1300 3205 a
1334 3167 1496 3220 gene·

651 3225 871 3280 ratidne
897 3226 957 3280 in
982 3229 1443 3296 generatidnem?

723 3305 882 3358 Deus
919 3312 981 3359 tu
1021 3308 1331 3361 conversus
1357 3308 1496 3361 vivi·

1551 845 1802 898 salutate
1829 851 1991 898 tuum
2021 843 2095 896 da
2122 844 2305 898 nobis.

1620 931 1866 985 Afidiam
1891 930 2030 998 quid
2048 930 2317 998 loquatur
2335 930 2397 983 in

1551 1024 1642 1063 me
1669 1009 1948 1063 deinus
1977 1009 2164 1062 Deus:
2193 1008 2231 1045 ³*
2257 1008 2398 1076 qub-

1550 1088 1700 1141 niam
1758 1087 2024 1155 loquetur
2084 1101 2281 1155 pacem
2334 1086 2398 1140 iu

1551 1167 1772 1235 plebem
1800 1180 1979 1219 suam.

1621 1253 1695 1306 Et
1723 1267 1896 1321 super
1922 1258 2155 1306 sanctos
2180 1266 2339 1305 suos:
2362 1249 2399 1281 '¹‘

1549 1340 1605 1385 et
1633 1332 1692 1384 in
1719 1346 1835 1396 eos,
1863 1332 1963 1399 qui
1986 1331 2404 1385 convertentur

1552 1409 1624 1463 ad
1652 1424 1773 1463 cor.

1620 1496 2024 1550 Vertimtamen
2090 1509 2268 1563 prope
2328 1494 2399 1548 ti-

1550 1575 1769 1628 mentes
1804 1589 1935 1628 eum
1979 1574 2231 1627 salutare
2265 1573 2400 1643 ipsi-

1552 1669 1644 1706 us:
1699 1653 1736 1689 ³*
1790 1660 1852 1707 ut
1897 1653 2174 1706 inhabitet
2216 1652 2400 1720 gldria

1553 1730 1610 1784 in
1637 1738 1791 1785 terra
1816 1738 2027 1785 nostra.

1622 1818 2008 1872 Misericordia
2021 1859 2034 1886 ‚
2080 1824 2137 1873 et
2183 1818 2398 1872 veritas

1556 1896 1934 1950 obviaverunt
1952 1896 2087 1951 sibi:
2109 1897 2146 1932 ³*
2164 1896 2400 1964 justitia,

1553 1982 1610 2031 et
1635 1991 1748 2044 pax
1773 1976 2043 2031 oseulfitae
2071 1981 2221 2030 sunt.

1623 2063 1849 2117 Veritas
1869 2064 1940 2118 de
1958 2070 2110 2118 terra
2134 2072 2259 2118 orta
2281 2070 2397 2118 est:
2466 2071 2471 2075 ·

1554 2142 1590 2179 ³*
1627 2147 1683 2195 et
1720 2142 1936 2209 iustitia
1973 2142 2046 2196 de
2080 2143 2230 2197 coelo
2266 2157 2398 2209 pro-

1554 2221 1757 2290 spexit.

1622 2307 1847 2363 Etenim
1904 2307 2185 2361 D6minus
2238 2307 2397 2361 dabit

1551 2386 1976 2454 benignitatem:
1999 2387 2038 2423 ³*
2055 2393 2112 2440 et
2129 2392 2280 2439 terra
2300 2400 2399 2439 no-

1552 2472 1672 2518 stra
1700 2465 1858 2519 dabit
1889 2466 2136 2519 fructum
2162 2480 2347 2518 suum.

1621 2551 1856 2608 ‚Iustitia
1885 2559 2014 2605 ante
2042 2567 2170 2606 eum
2200 2552 2396 2605 ambu-

1526 2632 1715 2714 'labitz
1769 2631 1806 2667 ³*
1860 2638 1915 2684 et
1967 2637 2141 2699 ponet
2187 2631 2247 2683 in
2301 2631 2395 2685 via

1526 2717 1530 2744 ³
1551 2726 1777 2779 gressus
1805 2725 1959 2764 suos,

1625 2817 1756 2873 Ant.
1787 2814 2185 2879 Consolaimini,
2203 2814 2397 2883 pusill-

1553 2892 1795 2958 animem
1843 2893 2138 2962 respirate,
2175 2892 2399 2961 miseri;

1550 2971 1727 3040 Virgo
1742 2971 1994 3039 Deipara
2006 2971 2173 3026 nobis
2193 2979 2280 3025 est
2300 2971 2397 3025 ad·

1551 3050 1753 3103 vocata
1798 3049 2050 3117 sepiem,
2095 3049 2301 3103 iddnea
2340 3054 2399 3102 et

1551 3126 1902 3181 universaIiS.

1631 3224 1698 3294 ΣΙ.
1717 3231 1808 3284 Tu
1835 3230 2061 3285 {cedris
2089 3233 2272 3287 Mater
2297 3232 2400 3285 mi·

1551 3307 1890 3362 seriedrdiae.
1931 3310 2000 3375 R.
2029 3311 2105 3365 Et
2131 3325 2264 3365 vere
2291 3310 2396 3363 mi·

652 3380 852 3436 ficabis
877 3398 1007 3438 nos:
1046 3384 1084 3420 ³*
1121 3391 1178 3437 et
1207 3386 1369 3453 plebs
1397 3393 1496 3456 tup
1549 3385 1858 3439 sericdrdia
1911 3389 2019 3442 Dei
2075 3388 2397 3443 misericdr·

1549 3463 1678 3516 dem
1706 3470 1762 3517 te
1789 3463 1938 3518 feeit.

652 3457 940 3514 laetaibitur
965 3461 1024 3515 in
1049 3467 1120 3516 te.
