2646 3976
811 593 967 643 Festa
991 597 1248 645 Octobris·
1281 599 1372 658 (1.)

1866 603 1962 651 31*

302 707 584 775 Quoniam
614 719 777 780 pater
805 731 983 785 meus,
1009 724 1068 772 et
1121 725 1228 773 tur.
1292 721 1541 789 Dignum
1588 731 1675 778 est
1721 726 1961 793 proinde

230 790 438 852 mater⁴
465 801 590 840 mea
640 789 1069 861 dereliquerunt
1120 796 1327 853 fratres
1341 840 1354 866 ‚
1421 807 1485 854 ut
1546 801 1784 871 gloriam
1846 819 1962 858 non

229 878 347 916 me:
374 862 405 897 ’¹‘
435 863 719 922 Dominus
755 876 946 925 autem
983 886 1068 925 as·
1118 875 1428 943 capientes,
1454 885 1613 933 tanto
1637 881 1815 949 magis
1842 897 1959 936 am-

231 940 476 1009 sumpsit
511 957 618 997 me.

1117 955 1434 1023 plectamur
1496 961 1958 1031 misericordiam,

298 1017 507 1087 Legem
535 1037 685 1090 pone
711 1024 850 1079 mihi
873 1025 1066 1080 Domi·
1118 1048 1233 1101 qua
1267 1035 1533 1090 nimirum
1563 1047 1784 1094 constat
1817 1041 1960 1094 nihi-

228 1110 304 1148 ne
337 1095 397 1150 in
431 1098 526 1153 via
561 1104 689 1154 tua:
727 1102 756 1136 ³⁸
795 1108 851 1157 et
886 1104 1065 1173 dirige
1116 1113 1366 1170 lominus
1423 1119 1716 1173 abundare
1773 1122 1961 1176 dome-

227 1187 319 1226 me
336 1173 395 1227 in
414 1176 674 1231 sdmitam
700 1186 920 1234 rectam
936 1196 1064 1250 pro·
1115 1192 1288 1247 sticos
1307 1195 1433 1262 Dei,
1462 1196 1590 1250 coeli
1613 1199 1783 1265 cives,
1810 1200 1960 1267 prin·

223 1257 352 1319 pter
379 1252 641 1309 inimicos
667 1272 841 1312 meos.

1115 1275 1268 1344 cipes
1326 1279 1598 1345 paradisi.
1689 1281 1959 1336 Testatur

291 1330 379 1386 Ne
403 1331 711 1388 tradideris
739 1351 829 1389 me
863 1336 923 1390 11¹
948 1338 1063 1391 ⁶111·
1115 1358 1362 1426 denique
1434 1359 1748 1428 Apostolus
1818 1363 1956 1432 ipse,

221 1422 345 1461 mas
407 1408 804 1467 tribulantium
865 1430 981 1469 me:
1030 1416 1061 1450 ’¹‘

1112 1434 1210 1504 qui
1255 1443 1457 1506 raptus
1503 1455 1684 1507 usque
1728 1440 1801 1495 ad
1852 1442 1958 1495 ter·

224 1485 495 1553 quoniam
532 1487 965 1547 insurrexerunt
1000 1494 1060 1548 1¹¹
1111 1518 1254 1571 tium
1281 1519 1504 1587 coelum,
1541 1521 1724 1576 beatae
1751 1523 1832 1577 ini
1861 1525 1957 1578 efi-

223 1578 312 1616 me
331 1570 505 1619 testes
529 1566 728 1636 iniqui,
752 1575 807 1622 et
825 1571 1061 1625 mentita

224 1647 310 1694 est
345 1642 618 1710 iniquitas
655 1646 780 1699 sibi.

291 1717 479 1774 Credo
515 1721 712 1776 videre
758 1726 910 1780 bona
946 1726 1059 1780 Do·

221 1796 360 1851 mini
388 1798 418 1831 '¹‘
442 1798 502 1851 in
538 1805 692 1853 terra
726 1801 1057 1857 viventium.

289 1874 572 1945 Exspecta
606 1877 942 1948 Dominum,
978 1881 1060 1936 vi-

218 1951 400 2007 rssiter
442 1968 570 2023 age:
606 1956 637 1992 ’¹‘
674 1963 729 2011 et
776 1957 1057 2014 conforte-

219 2034 315 2082 tur
360 2045 459 2085 cor
500 2038 663 2089 tuum
678 2076 692 2104 ‚
734 2042 791 2090 et
838 2037 1056 2092 sustine

219 2108 542 2165 Dominum.

290 2200 425 2256 Ant.
488 2200 601 2267 Qui
643 2200 917 2257 tribulant
951 2218 1056 2257 nos

218 2273 430 2329 inimici
510 2279 688 2333 nostri
703 2320 717 2347 ‚
785 2280 1055 2335 infirmati

216 2358 352 2406 sunt
408 2360 464 2408 et
514 2356 862 2425 ceciderunt,
920 2361 1056 2427 quia

218 2429 501 2485 Dominus
535 2434 783 2501 protexit
813 2451 919 2490 nos
952 2452 1057 2505 per

215 2507 501 2577 Angelum
528 2526 694 2564 suum
727 2512 789 2566 in
824 2512 1055 2568 abscon-

215 2586 335 2643 dito
363 2588 715 2644 tabernaculi
741 2590 844 2645 sui.

290 2658 360 2729 V.
391 2664 587 2735 Dirige
620 2682 751 2734 nos,
792 2669 1053 2738 Domine,

213 2756 319 2809 per
329 2741 611 2812 Angelum
629 2752 805 2801 tuum.
827 2748 895 2817 R.
914 2746 1057 2813 Quo-

214 2818 369 2873 niam
422 2828 487 2875 tu
540 2838 602 2877 es
648 2822 911 2880 Salvator
958 2841 1055 2880 no-

216 2902 348 2952 ster.

277 2990 482 3047 Sermo
509 2995 689 3049 sancti
711 2972 994 3051 Bernardi

504 3071 762 3128 Abbatis.

487 3160 682 3216 Lectio
707 3161 782 3215 iv.

1110 1595 1212 1648 riae
1242 1598 1449 1652 meruit
1466 1599 1755 1669 interesse,
1784 1609 1955 1671 atque

1110 1678 1230 1744 ejus
1267 1693 1438 1733 nosse
1475 1683 1716 1748 secreta,
1753 1685 1954 1752 quoni·

1111 1770 1203 1809 am
1250 1770 1448 1810 omnes
1491 1758 1955 1816 administratorii

1110 1838 1243 1884 sunt
1279 1833 1529 1901 spirituS,
1566 1835 1725 1889 missi
1758 1836 1818 1889 in
1854 1838 1954 1891 mi-

1109 1913 1404 1967 nisterium
1436 1922 1674 1984 propter
1698 1932 1817 1985 eos,
1853 1920 1954 1988 qui

1108 1991 1480 2046 hereditatem
1526 1995 1758 2063 capiunt
1803 1998 1952 2051 salu-

1107 2069 1197 2123 tis.
1259 2070 1460 2139 Neque
1485 2072 1545 2126 id
1573 2073 1839 2141 cuiquam
1871 2076 1952 2129 in-

1107 2148 1379 2203 credibile
1433 2149 1718 2219 videatur,
1772 2168 1950 2222 quan·

1108 2226 1416 2294 doquidem
1506 2229 1628 2296 ipse
1717 2247 1950 2300 quoque

1108 2308 1362 2377 Creator,
1417 2316 1472 2363 et
1527 2312 1654 2365 Rex
1708 2311 1950 2380 Angelo-

1106 2401 1235 2439 rum
1260 2388 1432 2454 venit‚
1470 2403 1584 2441 non
1621 2390 1950 2457 ministrari,

1105 2463 1208 2516 sed
1244 2463 1580 2532 ministrare,
1618 2472 1674 2518 et
1701 2466 1949 2520 animam

1106 2555 1268 2594 suam
1294 2539 1431 2594 dare
1466 2556 1572 2609 pro
1603 2543 1812 2597 multis.
1867 2543 1949 2598 Ut

1106 2617 1244 2687 quid
1262 2633 1397 2686 ergo
1416 2619 1790 2674 ministerium
1806 2620 1948 2674 illud

1104 2694 1456 2765 Angelorum
1481 2697 1763 2768 quispiam
1794 2698 1947 2752 dedi-

1105 2774 1333 2842 gnetur,
1394 2775 1452 2828 in
1507 2791 1622 2844 quo
1676 2776 1948 2844 praecedit

1106 2867 1204 2906 eos
1218 2892 1232 2919 ‚
1286 2852 1379 2906 cui
1431 2853 1489 2907 in
1543 2854 1778 2908 excelsis
1826 2861 1947 2908 tota

1106 2944 1236 2983 cum
1263 2930 1551 2998 aviditate,
1587 2939 1643 2985 et
1680 2931 1945 2986 felicitate

1104 3007 1472 3061 ministrant?
1521 3008 1581 3063 Si
1607 3014 1665 3062 et
1689 3009 1820 3064 hinc
1845 3010 1945 3063 du-

1106 3084 1278 3137 bitas:
1315 3084 1515 3152 utique
1550 3085 1648 3154 qui
1673 3085 1831 3152 vidit,
1867 3093 1945 3139 te-

1105 3161 1433 3216 stimonium
1468 3162 1777 3232 perhibuit:
1823 3163 1944 3216 ΜΠ-

337 3280 348 3300 „
375 3250 434 3288 n
470 3238 731 3305 supernis
763 3239 1054 3309 spiritibus
1103 3239 1205 3308 lia,
1242 3239 1532 3308 inquiens,
1568 3240 1807 3294 millium
1842 3240 1943 3294 mi·

236 3309 267 3367 sa
348 3323 369 3364 Α
421 3328 536 3367 non
575 3316 760 3370 solum
810 3317 1053 3373 admira-
1106 3318 1425 3373 nistrabant
1445 3319 1513 3386 ei,
1539 3325 1596 3372 et
1614 3317 1800 3372 decies
1820 3317 1942 3372 mil-

256 3383 258 3386 ’
421 3391 554 3448 bilis
617 3395 862 3464 dignitas
877 3436 891 3463 ,
950 3398 1053 3452 sed
1102 3396 1206 3451 lies
1241 3396 1477 3451 centena
1512 3395 1686 3450 millia
1720 3396 1940 3451 assiste·

217 3470 465 3538 dignatio
520 3473 779 3528 amabilis
838 3474 1053 3529 inveni·
1103 3476 1241 3529 bant
1259 3475 1326 3529 ei.
1376 3474 1539 3530 Alius
1557 3490 1787 3544 quoque
1805 3475 1941 3532 Pro-
