2646 3976
728 532 794 579 4*

732 661 1068 728 quebzintut⁹
1112 660 1338 728 placido
1376 660 1565 715 vultu:

721 739 851 807 Eja,
876 738 1076 806 inquit,
1113 736 1323 791 Christi
1347 738 1570 807 milites,

728 816 1198 883 congratulamini
1231 817 1394 885 mihi,
1434 818 1570 886 quo·

728 895 881 949 niam
911 893 1078 963 digna
1095 896 1291 950 habita
1309 912 1436 950 sum
1464 912 1570 966 pro

728 973 955 1027 nomine
993 973 1133 1028 Jesu
1168 976 1571 1030 contumeliam

727 1052 861 1121 pati.
920 1053 988 1106 In
1024 1059 1170 1106 tetro
1207 1054 1434 1108 carcere
1471 1055 1570 1108 diu

728 1131 915 1200 jacuit,
944 1132 1124 1187 donec
1141 1133 1351 1187 auditis
1379 1134 1571 1188 saevis-

728 1211 885 1266 simis
918 1212 1329 1266 tormentorum
1355 1214 1570 1282 generi-

726 1291 851 1356 buS‚
891 1290 1097 1359 quibus
1127 1290 1417 1345 Dacianus
1442 1308 1568 1361 per·

725 1368 938 1423 multos
974 1369 1327 1424 Christianos
1376 1386 1567 1425 excru-

726 1446 904 1501 ciatos
917 1447 1235 1511 necaverat,
1254 1448 1353 1517 pio
1369 1448 1568 1503 dolore

726 1525 1025 1593 commota,
1052 1526 1212 1580 flexis
1235 1526 1396 1581 humi
1419 1527 1569 1596 geni-

726 1607 850 1674 bus,
886 1605 1073 1658 Deum
1109 1607 1340 1674 precata
1367 1614 1468 1674 est,
1506 1613 1569 1660 ut

724 1698 788 1737 se
826 1683 896 1749 (si
931 1683 1009 1737 ita
1046 1683 1363 1752 expediret)
1410 1699 1442 1738 e
1477 1700 1569 1737 cu·

724 1762 911 1816 stodia
938 1761 1193 1829 corporis
1212 1761 1477 1817 educeret
1497 1763 1570 1816 ad

725 1841 1108 1896 confitendum
1153 1841 1397 1913 nomini·
1422 1842 1570 1910 ejus:

728 1920 1108 1987 exauditaque
1198 1934 1233 1972 a
1320 1919 1569 1985 Domino

724 1998 989 2066 squalore
1008 1998 1283 2066 confecta,
1309 1998 1570 2067 impollu-

724 2084 845 2130 tum
894 2076 1157 2144 spiritum
1204 2077 1263 2129 in
1313 2076 1569 2131 oratione

606 2145 609 2148 “
724 2156 850 2209 Deo
875 2153 1138 2208 reddidit.

797 2243 863 2310 Ru
889 2241 1156 2296 Dilexisti
1182 2241 1468 2309 justitiam.

995 2339 1188 2392 Lectio
1219 2340 1291 2390 vi.

800 2424 1050 2479 eocadiae
1126 2424 1297 2492 igitur
1359 2439 1566 2492 corpus

843 2502 1155 2558 honorifice
1180 2519 1214 2557 a
1233 2503 1566 2558 Christianis

721 2584 779 2637 in
804 2583 1079 2637 suburbio
1100 2583 1381 2637 Toletaino
1413 2598 1566 2651 sepe-

720 2662 873 2715 litur.
903 2661 1018 2717 Ubi
1037 2661 1251 2728 postea,
1278 2661 1413 2714 etin
1440 2660 1563 2714 loco

720 2740 820 2793 ubi
844 2739 1070 2793 mortua
1098 2746 1199 2803 est,
1238 2740 1367 2794 duae
1397 2739 1566 2794 eccle-

721 2818 819 2872 siae
839 2817 1163 2885 collegiatae,
1182 2825 1236 2872 et
1251 2818 1416 2872 tertia
1429 2818 1562 2872 item

720 2889 1080 2965 parochialis
1106 2896 1166 2949 in
1212 2897 1459 2964 aedibus,
1505 2897 1562 2949 in

720 2973 927 3043 quibus
961 2974 1264 3042 habitavit,
1310 2975 1430 3043 eius
1467 2975 1561 3028 no-

720 3051 1188 3121 mine2dedicatae‚
1216 3054 1387 3108 etiam
1411 3070 1564 3111 nunc

719 3138 958 3188 exstant.
998 3133 1217 3199 Quibus
1244 3140 1436 3188 tantus
1463 3135 1560 3188 ho·

717 3227 826 3267 nor
845 3212 1165 3268 Gothorum
1192 3213 1448 3281 tempore
1475 3221 1562 3268 est

715 3292 943 3347 habitus
956 3292 1088 3345 utin
1101 3291 1183 3345 eis
1195 3292 1561 3360 potissimum

716 3370 894 3424 multa
949 3370 1200 3425 Concilia
1263 3371 1559 3439 Toletana‚

1294 530 1445 577 Festa
1469 529 1787 578 DecembriS.
1818 531 1905 591 (9.)

1623 661 1758 729 bita,
1797 670 1853 717 et
1891 665 2228 720 sanctissimi
2265 667 2464 724 Archi·

1623 742 1878 811 episcopi
1897 744 2157 798 Toletani
2177 747 2465 814 Eugenius

1625 822 1871 884 Tertius,
1884 823 2275 894 Ildephonsus„
2295 834 2351 881 et
2364 828 2403 882 J
2404 845 2464 883 u·

1621 901 1809 955 lianus
1826 902 1885 954 in
1898 902 2197 958 Leocadiae
2216 905 2465 976 basilica,

1622 987 1856 1049 propter
1890 982 2122 1049 virginis
2155 985 2458 1040 reverenti-

1623 1076 1732 1129 am,
1759 1061 1966 1130 sepulti
1993 1069 2138 1117 sunt.
2174 1065 2316 1118 Haec
2342 1081 2464 1120 san·

1622 1140 1872 1193 ctissima
1889 1141 2048 1208 virgo
2076 1149 2204 1210 post
2222 1151 2463 1198 mortem

1622 1234 1654 1272 e
1678 1219 1899 1273 tumulo
1939 1220 2200 1288 surrexit,
2238 1227 2293 1274 et
2323 1222 2464 1277 Rec-

1621 1297 1915 1351 cesvintho
1934 1312 2063 1364 rege
2088 1300 2383 1367 praesente,
2408 1307 2465 1355 et

1620 1391 1824 1445 magna
1877 1375 2167 1430 hominum
2212 1379 2462 1433 multitu-

1622 1454 1770 1522 dine,
1802 1456 1970 1509 beato
1996 1453 2340 1523 Ildephonso
2367 1473 2464 1527 ap-

1621 1532 1829 1601 paruit,
1866 1526 2099 1600 esusque
2124 1534 2376 1589 studium
2404 1537 2463 1590 in

1621 1610 2087 1678 gloriosissimam
2173 1612 2462 1680 Virginem

1622 1688 1862 1742 Mariam
1892 1690 2322 1745 commendavit.

1689 1780 1757 1845 131.
1786 1777 2117 1832 Afferentur
2140 1777 2297 1846 Regi.

1758 1900 1825 1953 In
1860 1899 1960 1953 111.
1993 1899 2307 1950 Nocturno.

1618 1983 1818 2040 Lectio
1858 1985 2036 2040 sancti
2062 1985 2354 2055 Evangelii
2378 2002 2460 2041 se·

1727 2064 1978 2119 cundum
2007 2065 2355 2119 Matthaeum.

1653 2161 1848 2215 Lectio
1873 2161 1968 2214 vii.
2181 2160 2314 2229 Cap.
2337 2160 2418 2215 25.

1628 2246 1714 2368 In
1740 2237 1840 2290 illo
1870 2237 2150 2306 tempore:
2183 2238 2344 2293 Dixit
2370 2240 2461 2294 Je-

1700 2331 1798 2369 sus
1826 2315 2122 2384 discipulis
2149 2315 2267 2370 suis
2297 2319 2459 2385 para—

1618 2392 1807 2447 bolam
1869 2393 2041 2448 hanc:
2102 2393 2294 2448 Simile
2355 2395 2461 2450 erit

1617 2486 1850 2539 regnum
1921 2472 2191 2525 coelorum
2260 2472 2452 2527 decem

1617 2549 1932 2618 virginibus
1946 2590 1959 2617 ‚
2007 2566 2136 2618 quae
2184 2551 2456 2620 accipien-

1614 2635 1702 2683 tes
1712 2628 2007 2696 lampades
2026 2643 2176 2696 suas,
2200 2629 2457 2683 exierunt

1617 2707 1844 2761 obviam
1877 2721 2105 2776 spons0‚
2131 2714 2188 2761 et
2212 2722 2454 2776 sponsae.

1615 2786 1689 2839 Et
1714 2786 1951 2853 reliqua.

1690 2889 1938 2943 Homilia
1965 2889 2142 2943 sancti
2170 2889 2377 2943 Isidori

1614 2968 2049 3037 Archiepiscopi
2077 2968 2452 3037 Hispalensis.

1726 3053 1840 3101 Lib.
1865 3053 2108 3112 Sentent.,
2131 3067 2239 3113 cap.
2261 3054 2336 3100 40.

1631 3154 1728 3235 QZ
1749 3199 1762 3204 „
1779 3157 1826 3247 V
1848 3134 1968 3201 irgo
1981 3146 2294 3198 carne‚non
2309 3147 2457 3187 men-

1635 3196 1821 3323 ⁴²L3z42sz<÷÷
1873 3221 1945 3279 te,
1984 3211 2457 3361 ¹1²5&ssssssssss

1632 3315 1635 3318 ¹
1716 3310 1725 3325 Χ
1760 3317 1763 3318 ’
1795 3320 1798 3322 Δ
1870 3309 1968 3347 um
2033 3309 2067 3347 a
2439 3317 2460 3329 ·

1611 3372 1893 3440 missione.
1924 3373 2093 3429 Unde
2111 3380 2168 3427 et
2184 3371 2456 3440 insipien-

718 3450 898 3516 eaque
949 3449 1411 3517 frequentissima
1461 3451 1558 3504 ha·
1609 3451 1762 3505 tibus
1822 3451 2135 3519 virginibus
2190 3450 2459 3506 Salvator
