2646 3976
698 559 793 607 62*

1264 570 1416 617 Festa
1437 570 1722 621 Februarii.
1753 573 1871 635 (18.)

699 683 783 751 rii,
818 692 875 739 et
903 686 1023 752 ejus
1058 701 1267 756 corpus
1298 689 1359 742 in
1385 689 1538 745 Vati·
1591 693 1662 746 rii
1679 693 1942 763 ministri,
1965 703 2085 751 tum
2106 697 2199 751 alii
2217 699 2442 756 eisdem

697 763 843 816 ceno
868 764 1152 831 sepultum
1178 773 1279 821 est.

768 851 839 918 Re.
866 848 1024 904 Stola
1051 852 1432 921 jucunditetis

1593 772 1830 840 subjecti
1858 775 2138 844 adessent,
2173 777 2272 846 qui
2300 778 2444 834 fide-

1590 850 1759 919 libus,
1805 867 1936 906 cum
1972 869 2066 908 res
2101 856 2437 926 postularet,

755 941 818 988 In
841 941 941 989 111.
962 941 1226 990 Nocturno
1250 941 1447 990 Homil.
1479 944 1533 990 in
1588 943 1753 983 sacra
1782 931 2184 988 ministrarent.

695 1010 895 1071 Evang.
922 1013 978 1060 Si
994 1015 1109 1076 quis
1123 1019 1249 1068 vult.
1271 1013 1335 1058 de
1353 1013 1530 1060 ‹³0de

694 1080 967 1128 Communi
987 1082 1031 1130 2.
1051 1082 1181 1130 loco,

753 1166 816 1214 In
830 1168 1020 1225 Quadr.
1031 1168 1172 1215 Lect.
1181 1169 1249 1215 ix.
1261 1169 1323 1216 de
1335 1169 1387 1215 H
1393 1170 1532 1217 omil.

694 1245 742 1284 et
763 1251 1028 1285 commem.
1052 1237 1217 1285 Feriae
1239 1239 1291 1285 in
1316 1239 1480 1287 Laud.

826 1376 936 1428 Die
964 1375 1047 1427 18.
1074 1375 1387 1431 Februarii.

711 1458 778 1519 S.
807 1460 1059 1538 Hygini
1092 1466 1227 1533 Pap.
1255 1472 1311 1519 et
1342 1466 1502 1518 Mart.

917 1548 1301 1620 Semiduplex.

753 1630 938 1681 Omnia
981 1636 1043 1682 de
1076 1636 1348 1684 Communi
1380 1640 1529 1686 unius

691 1697 860 1762 Mart„
882 1713 1071 1765 praeter
1095 1720 1234 1767 sequ.

753 1776 948 1828 Orati0.
978 1782 1348 1836 Infirmitatem.

750 1857 816 1904 Et
836 1857 892 1905 fit
916 1875 1180 1911 commem.
1208 1862 1385 1911 Feriae.

748 1933 811 1981 In
836 1934 878 1983 Ι.
897 1936 1161 1986 Nocturno
1177 1939 1449 1988 Lectiones
1469 1941 1531 1987 de

619 2046 628 2050 -
691 2004 876 2067 Script.
911 2022 1041 2068 occ.;
1075 2009 1126 2055 in
1152 2011 1342 2068 Quadr.
1366 2013 1520 2062 AMi-

683 2081 803 2128 leto,
829 2076 890 2121 de
908 2077 1085 2124 eodem
1110 2079 1306 2128 Comm.
1333 2083 1373 2128 1.
1397 2082 1527 2129 loco.

833 2189 902 2239 In
938 2190 1009 2241 11.
1040 2191 1357 2246 Nocturna

959 2285 1152 2340 Lectio
1183 2291 1256 2342 iv.
1304 2303 1308 2308 ’

879 2377 1083 2445 yginus
1133 2379 1517 2452 AtheniensiS,

912 2455 1249 2527 philosopho
1341 2469 1516 2530 patre,

912 2549 1042 2589 cum
1090 2537 1200 2604 jam
1239 2539 1516 2594 Romanae

676 2611 944 2666 Ecclesiae
996 2617 1298 2685 presbyter
1350 2625 1516 2687 esset,

670 2688 808 2743 cleri
833 2691 1135 2761 suffragiis,
1164 2695 1515 2764 Telesphoro

671 2768 944 2823 suffectus
968 2778 1069 2826 est.
1120 2773 1279 2828 Sedit
1304 2776 1364 2829 in
1391 2792 1516 2830 san-

675 2852 768 2900 cta
794 2847 950 2901 Petri
986 2850 1137 2917 sede,
1174 2852 1515 2921 imperatore

671 2923 968 2980 AntonIno
992 2928 1097 2982 Pio
1116 2928 1396 3000 Augusto,
1421 2949 1514 2987 an-

670 3018 776 3056 nos
812 3011 945 3073 treS,
981 3022 1203 3063 menses
1230 3010 1512 3081 undecim,

696 2401 768 2564 ΗΞ
781 2395 822 2560 ἶ
847 2407 854 2564 ἔ

1659 1011 1729 1079 Βι.
1755 1017 2077 1074 Honestum
2105 1021 2253 1077 fecit.

1867 1110 2061 1167 Lectio
2089 1131 2143 1168 v.

1596 1187 1870 1308 Instituit
1907 1193 2078 1248 etiam
2110 1210 2181 1249 ne
2212 1196 2434 1265 absque

1671 1271 2051 1327 celebratione
2076 1272 2264 1328 Missae
2292 1282 2435 1331 tem·

1582 1348 1676 1417 pla
1704 1348 1794 1403 vel
1831 1351 2078 1404 oratoria
2113 1367 2275 1408 sacro
2313 1355 2432 1410 ritu

1582 1430 2074 1484 consecrarentur:
2123 1446 2194 1486 ne
2238 1433 2432 1488 incon-

1582 1505 1731 1559 sulto
1780 1508 2078 1578 episcop0,
2137 1511 2229 1564 vel
2274 1528 2431 1568 nova

1580 1587 2060 1655 construerentur,
2073 1588 2163 1642 vel
2171 1589 2283 1657 jam
2297 1606 2430 1646 con-

1581 1663 1796 1717 structa
1815 1665 2260 1737 destruerentur,
2278 1676 2336 1724 et
2354 1687 2430 1726 ne

1579 1742 1844 1796 materies
1891 1743 1965 1796 ad
2002 1759 2226 1799 sacrum
2263 1747 2427 1804 illum

1578 1835 1745 1873 usum
1763 1823 2031 1889 congesta
2050 1830 2105 1878 et
2124 1824 2424 1897 destinata,

1577 1898 1636 1951 in
1665 1898 1940 1967 profanos
1966 1917 2105 1957 usus
2131 1913 2424 1962 converte-

1576 1978 1750 2035 retur.
1799 1978 1991 2034 Edixit
2028 1985 2322 2054 praeterea,
2358 1994 2424 2042 ut

1575 2056 1783 2123 patrini
1819 2058 2101 2127 baptismo
2138 2062 2421 2133 adessent,

1575 2133 1673 2201 qui
1701 2135 1773 2188 de
1801 2152 1965 2191 sacro
1991 2138 2147 2193 fonte
2170 2140 2420 2197 infantes

1573 2214 1854 2268 levarent:
1880 2230 1951 2269 ne
1971 2218 2100 2284 quis
2118 2219 2420 2289 episcopus

1573 2306 1704 2345 reus
1740 2294 1990 2348 criminis
2035 2295 2420 2369 damnaretur,

1572 2372 1680 2424 nisi
1742 2387 1776 2425 a
1844 2375 2420 2442 comprovincialibus

1571 2450 1850 2519 episcopis
1876 2451 1996 2518 ejus
2027 2467 2198 2507 causa
2236 2458 2415 2523 probe

1571 2528 1828 2582 discussa
1892 2529 2108 2585 fuisset.
2170 2539 2171 2542 ’
2199 2532 2419 2588 Cuncta

1569 2607 1692 2661 haec
1727 2609 1846 2675 ejus
1885 2609 2051 2663 titulo
2087 2625 2154 2665 ac
2189 2612 2419 2666 nomine

1570 2688 1786 2740 sancita
1833 2693 2073 2742 exstant.
2145 2688 2292 2744 Tres
2331 2706 2420 2745 or-

1572 2765 1890 2820 dinationes
1961 2766 2161 2822 habuit
2223 2784 2419 2824 mense

1569 2845 1896 2909 Decembri,
1946 2847 2154 2913 quibus
2202 2849 2419 2903 creavit

1568 2924 1865 2993 episcopos
1900 2940 2016 2993 sex,
2050 2926 2419 2994 presbyteros

1569 3001 1910 3072 quindecim,
1947 3005 2218 3059 diaconos
2257 3006 2419 3074 quin·

666 3081 791 3135 dies
826 3082 1021 3150 viginti
1058 3093 1201 3141 octo.
1250 3090 1367 3146 Ubi
1403 3092 1515 3160 pri-
1569 3096 1698 3149 que.

669 3174 828 3215 rmum
853 3161 1122 3220 Pontifex
1154 3171 1514 3225 renuntiatus

670 3246 774 3308 est,
820 3240 1153 3299 clericorum
1189 3247 1421 3303 ordines
1456 3251 1512 3304 in

669 3333 805 3372 suos
852 3321 1064 3388 gradus
1112 3324 1398 3395 distInxit,
1449 3343 1515 3382 ac

670 3396 819 3464 fecit,
842 3406 906 3453 ut
919 3400 978 3453 in
995 3400 1064 3454 iis
1082 3403 1351 3474 ecclesiis,
1371 3421 1516 3475 quas

1639 3155 1703 3220 Β).
1736 3159 2114 3216 Desiderium.

1836 3244 2030 3297 Lectio
2060 3246 2130 3298 vi.

1573 3320 1753 3445 Cum
1774 3332 1961 3381 autem
1980 3328 2152 3395 paulo
2171 3335 2302 3383 ante
2316 3330 2354 3384 J
2358 3346 2418 3383 u-

1673 3405 1854 3460 stinus
1868 3405 2220 3461 clarissimus
2233 3407 2417 3475 philo·

671 3473 896 3529 Titulos
916 3486 1140 3549 vocant,
1164 3487 1285 3537 tum
1306 3484 1513 3553 prima-
1565 3484 1778 3553 sophus
1831 3490 1888 3539 et
1934 3483 2146 3538 Christi
2188 3484 2418 3554 Martyr
