2646 3976
683 566 779 614 64*

1273 567 1429 615 Festa
1452 564 1686 623 Augusti.
1718 565 1837 622 (30.)

684 689 791 742 sibi
828 665 1284 758 angustissimam
1320 688 1528 742 struxit
1580 687 1840 755 Senensi,
1889 688 2110 755 Virgini
2157 689 2434 757 Deiparae

683 767 742 820 in
787 767 1041 820 extremo
1091 765 1240 820 horti
1290 766 1523 834 angulo:

683 844 783 899 ubi
827 844 1139 898 coelestium
1186 844 1526 913 contempla-

682 922 824 976 tioni
862 921 1071 989 dedita,
1109 923 1325 977 crebris
1362 923 1526 977 disci-

682 1000 869 1069 plinis‚
904 999 1110 1068 inedia,
1158 1000 1367 1068 vigiliis
1404 1015 1524 1055 cor·

641 1145 642 1148 Ἴ
681 1079 984 1148 pusculum
1055 1081 1395 1146 extenuans,
1468 1086 1525 1132 at

682 1157 883 1227 spiritu
905 1160 1177 1225 vegetata,
1204 1158 1394 1211 larvas
1414 1157 1524 1211 ἀή-

681 1251 944 1303 monum‚·
962 1236 1245 1304 frequenti
1272 1235 1525 1289 certeimi-

680 1331 752 1368 ne
772 1314 990 1379 victrix,
1011 1313 1298 1382 impavide
1316 1314 1524 1383 protri-

680 1393 778 1459 vit,
803 1406 871 1445 ac
896 1393 1206 1461 superavit.

753 1481 823 1547 Re.
872 1479 1027 1532 Fecit
1079 1479 1188 1532 sibi
1241 1480 1523 1533 secretum

680 1557 1004 1611 cubiculum
1051 1556 1108 1609 in
1166 1572 1281 1625 quo
1330 1558 1523 1611 clausa

681 1637 1025 1704 morabatur,
1071 1643 1127 1689 et
1170 1637 1387 1690 habens
1432 1651 1523 1689 su·

680 1731 784 1786 per
819 1715 1044 1769 lumbos
1088 1730 1223 1769 suos
1259 1715 1520 1769 cilicium.

680 1795 716 1831 '³¹³
763 1794 1065 1862 Jejunabat
1103 1793 1367 1847 omnibus
1414 1793 1523 1846 die-

680 1874 789 1926 bus
838 1873 971 1926 vitae
1018 1888 1153 1926 suae.
1221 1865 1289 1936 lis.
1348 1871 1522 1940 Virgo

681 1952 836 2005 Rosa
849 1950 1146 2019 cogitabat,
1158 1949 1522 2019 quaeDomini

680 2036 834 2083 sunt:
857 2037 921 2082 ut
939 2036 1088 2082 esset
1106 2035 1302 2082 sancta
1320 2029 1521 2097 corpo·

679 2122 764 2175 re,
804 2114 858 2161 et
896 2107 1118 2175 spiritu.
1174 2107 1495 2174 Jejunabat.

949 2204 1143 2258 Lectio
1173 2206 1245 2259 vi.

819 2288 1168 2358 gritudinum
1200 2288 1514 2355 tormentis,

874 2365 1314 2420 domesticorum
1350 2365 1522 2419 insul·

680 2445 849 2513 tibus,
885 2445 1203 2513 linguarum
1235 2445 1520 2499 morsibus

678 2524 801 2578 dire
837 2524 1061 2592 agitata,
1097 2524 1351 2578 nondum
1382 2523 1521 2577 satis

677 2617 784 2671 pro
811 2603 1012 2656 merito
1036 2618 1099 2655 se
1124 2602 1297 2669 affligi
1322 2618 1519 2670 quere-

679 2681 864 2734 batur.
885 2682 997 2735 Per
1012 2681 1333 2748 quindecim
1358 2683 1517 2746 εἰὶσε,

680 2758 754 2812 ad
778 2758 1069 2827 plusculas
1097 2758 1269 2812 horas
1300 2759 1518 2812 desola-

675 2837 828 2892 tione
871 2835 1104 2905 spiritus
1151 2843 1209 2891 et
1256 2837 1518 2891 ariditate

674 2915 990 2969 miserrime
1096 2916 1516 2986 contabescens

675 2994 810 3048 forti
874 2994 1063 3048 animo
1119 2994 1246 3048 tulit
1307 2996 1516 3064 agones

675 3073 829 3128 omni
847 3081 1026 3128 morte
1048 3074 1374 3129 amariores.
1406 3076 1515 3128 Ex-

675 3154 811 3208 inde
846 3154 1019 3224 coepit
1048 3154 1310 3223 supernis
1341 3155 1515 3207 abun·

676 3233 815 3287 dare
851 3233 1083 3298 deliciis,
1122 3232 1398 3286 illustrari
1435 3232 1514 3285 vi·

593 3306 596 3310 ’
672 3311 943 3376 sionibus,
990 3310 1392 3378 colliquescere
1431 3328 1511 3365 se·

671 3388 919 3457 raphicis
937 3389 1256 3443 ardoribus.
1292 3389 1512 3457 Angelo

1578 766 1724 820 inter
1752 767 2010 821 assiduas
2038 767 2430 836 apparitiones

1579 845 1719 900 mire
1756 845 2078 912 familiaris,
2123 860 2157 899 a
2196 844 2432 906 Christo

1578 923 1681 976 has
1724 939 1895 978 voces
1945 924 2142 979 audire
2190 926 2428 979 meruit:

1579 1002 1733 1056 Rosa
1769 1003 1960 1056 cordis
1997 1003 2132 1070 mei,
2181 1010 2245 1057 tu
2281 1003 2425 1057 mihi

1578 1095 1788 1150 sponsa
1800 1088 1939 1136 esto.
1969 1081 2232 1150 Denique
2244 1081 2427 1151 Spon-

1578 1159 1625 1213 si
1664 1159 1831 1227 hujus
1868 1160 2140 1230 paradiso
2181 1160 2427 1215 feliciter

1577 1238 1875 1306 invectam,
1900 1238 2274 1306 plurimisque
2291 1246 2427 1292 ante

1577 1323 1634 1371 et
1652 1324 1783 1386 post
1801 1317 2017 1371 obitum
2033 1316 2320 1371 miraculis
2332 1333 2425 1371 co·

1576 1396 1821 1462 miscam,
1869 1395 2129 1450 Clemens
2166 1395 2424 1450 decimus

1577 1473 1843 1529 Pontifex
1880 1473 2164 1527 Maximus
2202 1474 2422 1528 sancta-

1577 1567 1704 1605 rum
1719 1552 2018 1619 Virginum
2032 1552 2286 1620 catalogo
2305 1552 2422 1606 ritu

1577 1633 1818 1687 solemni
1843 1633 2164 1702 adscripsit.

1651 1728 1714 1792 [ᾗ.
1750 1731 2059 1785 Benedicta
2085 1739 2164 1798 tu,
2194 1731 2358 1800 Fssia,
2385 1748 2419 1787 a

1577 1811 1702 1864 Deo
1731 1809 1982 1863 excelso:
2020 1809 2154 1878 quia
2185 1826 2300 1864 non
2330 1827 2421 1880 pe·

1576 1887 1805 1957 percisti
1823 1888 2027 1940 animae
2053 1893 2165 1941 tuae
2182 1896 2420 1957 propter

1575 1966 1881 2036 angustias,
1911 1972 1968 2022 et
1995 1967 2418 2023 tribulationem

1574 2046 1795 2114 generis
1809 2046 1916 2099 tui:
1930 2051 1965 2085 ἃ
1977 2045 2088 2101 Sed
2102 2047 2420 2101 subvenisti

1574 2123 1780 2177 ruiuae:
1804 2131 1839 2166 ἃ
1874 2123 2025 2178 Ante
2051 2125 2417 2195 conspectum

1576 2201 1684 2256 Dei
1708 2202 1904 2255 nostri.
1940 2202 2003 2273 W.
2034 2202 2262 2258 Curasti
2289 2218 2418 2271 gen-

1576 2286 1688 2333 tem
1716 2286 1890 2345 tuam,
1925 2287 1981 2334 et
2008 2280 2262 2334 liberasti
2289 2296 2414 2334 eam

1575 2374 1608 2410 a
1644 2357 1975 2427 perditione.
2031 2358 2159 2414 Sed.
2219 2359 2416 2416 Gloria

1573 2436 1749 2491 Patri.
1790 2436 1958 2491 Ante.

1718 2568 1788 2619 In
1819 2568 1923 2619 111.
1958 2565 2272 2617 Nocturno.

1640 2655 1773 2707 Ant.
1795 2652 2069 2719 Surgente
2088 2652 2259 2717 Rosa,
2276 2665 2407 2720 gau-

1572 2732 1782 2785 debant
1836 2730 2044 2800 campi,
2100 2720 2157 2784 et
2204 2730 2409 2798 omnia,

1570 2826 1699 2878 quae
1712 2810 1769 2862 in
1783 2809 1865 2864 eis
1878 2815 2010 2863 sunt
2024 2829 2036 2864 ε
2050 2809 2410 2864 exsultabant

1570 2889 1758 2943 omnia
1785 2889 1933 2956 ligna
1961 2888 2248 2942 silvarum.

1640 2994 1770 3046 Ant.
1838 2986 2102 3041 Exsultet
2145 2992 2312 3053 terra,
2362 2993 2415 3040 et

1569 3067 1831 3119 laetentur
1906 3064 2110 3119 insulae
2190 3065 2405 3118 multae:

1567 3144 1701 3212 quia
1748 3143 2016 3197 viderunt
2065 3157 2263 3196 omnes
2308 3143 2401 3212 po—

1566 3222 1684 3292 puli
1730 3221 1965 3291 gloriam
2014 3222 2403 3276 sanctificatio·

1566 3301 1654 3354 nis
1682 3301 1818 3369 ejus.

1638 3396 1768 3447 Ant.
1824 3389 2118 3444 Moveatur
2156 3403 2314 3443 mare
2351 3395 2406 3443 et

671 3465 914 3534 tutelari,
946 3472 1158 3521 sanctae
1186 3468 1513 3522 Catharinae
1564 3466 1857 3536 plenitudo
1882 3467 2019 3536 ejus,
2048 3467 2205 3522 orbis
2233 3468 2404 3522 terra·
