2646 3976
690 578 753 627 6*
1244 573 1400 621 Festa
1422 571 1741 621 Decembris.
1775 572 1893 632 (12.)

1008 709 1222 765 Oratio.

797 818 913 871 ωε,
941 801 1039 871 qui
1065 804 1173 857 sub
1192 802 1532 857 beatissimae

834 881 1079 950 Virginis
1115 881 1309 936 Mariae
1348 881 1533 949 singu-

691 960 798 1014 lari
844 960 1157 1029 patrocinio
1195 960 1533 1015 constitutos

690 1038 980 1108 perpetuis
1056 1037 1353 1093 beneficiis
1428 1052 1535 1092 nos

692 1115 971 1171 cumulari
1018 1116 1271 1171 voluisti:
1322 1123 1535 1185 praesta

692 1193 1043 1263 suppHcibus
1082 1195 1219 1261 tuis;
1266 1202 1332 1249 ut
1376 1195 1534 1262 cujus

690 1273 859 1327 hodie
883 1273 1419 1328 commemoratione
1441 1272 1535 1327 lae-

691 1352 882 1405 tamur
915 1352 975 1404 in
1010 1351 1203 1419 terris,
1250 1352 1370 1420 ejus
1404 1365 1534 1405 con·

692 1431 890 1498 spectu
907 1430 1272 1498 perfruamur
1288 1431 1347 1482 in
1360 1429 1533 1483 coelis.

694 1507 806 1560 Per
832 1507 1160 1563 Dominum.

858 1611 928 1664 In
962 1611 1006 1665 1.
1038 1611 1359 1665 Nocturno.

759 1717 850 1771 De
876 1713 1024 1770 libro
1051 1715 1449 1772 Ecclesiastici.

723 1806 919 1861 Lectio
951 1806 985 1859 i.
1252 1803 1386 1873 Cap.
1407 1804 1490 1857 24.

750 1945 751 1950 κ
801 1921 938 1977 quo
993 1924 1065 1963 ex
1117 1925 1215 1964 ore
1255 1911 1535 1967 Altissimi

715 1979 783 2073 53¹5·
892 1986 1137 2055 prodIvi,
1158 1991 1534 2059 primogenita

712 2076 750 2094 ἰ
789 2079 830 2096 s
891 2072 1022 2118 ante
1056 2080 1280 2121 omnem
1318 2070 1533 2123 creatu-

687 2153 836 2194 ram:
875 2143 994 2211 Ego
1033 2144 1139 2199 feci
1177 2146 1235 2199 in
1273 2147 1432 2200 coelis
1468 2154 1532 2201 ut

688 2217 935 2275 oriretur
956 2222 1146 2276 lumen
1177 2224 1532 2294 indeficienS,

690 2303 748 2353 et
764 2297 909 2353 sicut
935 2302 1141 2355 nebula
1163 2303 1278 2357 texi
1306 2319 1531 2359 omnem

688 2382 921 2432 terram:
970 2380 1090 2447 Ego
1138 2382 1193 2434 in
1243 2381 1532 2437 altissimis

688 2454 958 2521 habitavi,
1004 2466 1059 2513 et
1097 2459 1336 2514 thronus
1373 2476 1532 2515 meus

689 2534 747 2587 in
783 2535 1048 2590 columna
1083 2538 1266 2593 nubis,
1308 2538 1531 2608 Gyrum

687 2611 815 2667 coeli
853 2613 1088 2669 circuivi
1126 2616 1262 2681 sola,
1311 2624 1368 2671 et
1405 2633 1531 2686 pro-

687 2690 929 2745 fundum
981 2693 1177 2761 abyssi
1220 2694 1529 2763 penetravi,

685 2769 744 2823 in
770 2768 1038 2824 fluctibus
1075 2773 1249 2827 maris
1280 2773 1531 2827 ambula-

685 2847 769 2902 vit
815 2854 872 2902 et
905 2849 963 2902 in
999 2850 1153 2903 omni
1188 2856 1341 2905 terra
1374 2851 1529 2906 steti:

688 2925 827 2980 etin
854 2929 1010 2982 omni
1035 2930 1264 2998 popu10,
1304 2937 1360 2985 et
1386 2931 1443 2984 in
1475 2946 1531 2984 o-

687 3004 803 3059 mni
822 3014 988 3074 gente
1004 3007 1309 3076 primatum
1330 3009 1528 3064 habui:

687 3090 743 3139 et
763 3084 1014 3139 omnium
1035 3087 1447 3155 excellentium,
1475 3094 1531 3142 et

685 3162 979 3217 humilium
1000 3165 1174 3218 corda
1192 3164 1400 3220 virtute
1420 3166 1528 3221 cal-

686 3242 815 3295 cavi
843 3248 932 3310 „et
956 3242 1015 3295 in
1043 3242 1131 3297 his
1156 3244 1420 3299 omnibus
1444 3246 1529 3299 re-

686 3319 877 3386 quiem
914 3321 1205 3389 quaesIvi“,
1240 3329 1296 3376 et
1323 3323 1381 3376 in
1416 3323 1527 3376 hae·

684 3396 925 3450 reditute
971 3398 1200 3453 Domini
1244 3401 1525 3455 morabor.

685 3471 850 3526 Tunc
871 3476 1158 3544 praecepit,
1182 3485 1239 3531 et
1258 3477 1401 3531 dixit
1425 3478 1527 3531 mi·

1584 700 1643 753 hi
1672 699 1908 755 Creator
1933 698 2210 754 omnium:
2245 706 2302 753 et
2329 698 2432 767 qui

1586 778 1799 832 creavit
1828 794 1934 847 me,
1961 777 2239 846 requievit
2264 779 2322 830 in
2351 783 2432 830 ta-

1586 857 1893 915 bernaculo
1914 871 2060 924 me0‚
2088 862 2145 909 et
2169 855 2310 909 dixit
2328 855 2432 908 mi-

1585 935 1670 989 hi:
1699 935 1766 988 In
1784 935 1970 989 Jacob
1996 934 2266 1001 inhabita,
2294 940 2351 988 et
2370 933 2433 987 in

1586 1013 1765 1068 Israel
1786 1013 2140 1080 haereditare,
2170 1013 2302 1066 etin
2321 1012 2434 1066 ele-

1588 1092 1693 1146 ctis
1717 1091 1856 1145 meis
1882 1091 2042 1145 mitte
2066 1091 2304 1145 radices,

1657 1178 1725 1246 R».
1764 1178 1894 1233 Vidi
1932 1177 2246 1246 speciosam
2284 1175 2431 1231 sicut

1586 1255 1907 1311 columbam
1927 1256 2322 1310 ascendentem
2338 1254 2435 1307 de·

1587 1349 1761 1404 super
1777 1335 1932 1389 rivos
1945 1335 2222 1403 aquarum
2236 1353 2250 1401 ς
2270 1333 2430 1401 cuius

1585 1414 1999 1468 inaestimabilis
2028 1414 2175 1468 odor
2200 1419 2323 1467 erat
2346 1412 2432 1466 ni·

1586 1492 1693 1546 mis
1729 1492 1788 1546 in
1825 1492 2176 1547 vestimentis
2213 1492 2356 1558 ejus:
2387 1492 2417 1523 *

1588 1570 1662 1623 Et
1691 1570 1835 1625 sicut
1864 1571 1984 1626 dies
2010 1570 2169 1624 verni
2195 1570 2432 1625 circum-

1588 1648 1801 1702 dabant
1820 1663 1946 1703 eam
1964 1650 2133 1704 flores
2151 1650 2431 1718 rosarum,

1588 1732 1644 1780 et
1661 1726 1781 1780 lssia
1800 1727 2158 1783 convallium.
2184 1720 2253 1791 Y.
2287 1727 2430 1794 Quae

1587 1812 1674 1859 est
1708 1805 1834 1874 ista,
1878 1822 2006 1874 quae
2041 1806 2295 1861 ascendit
2330 1820 2435 1876 per

1589 1884 1878 1938 desertum
1912 1884 2056 1939 sicut
2083 1886 2308 1954 virgula
2344 1886 2430 1939 fu·

1587 1963 1681 2032 mi,
1709 1977 1779 2017 ex
1805 1963 2155 2020 aromatibus
2183 1964 2432 2035 myrrhae

1587 2047 1643 2094 et
1670 2041 1890 2096 thuris?
1927 2042 2016 2096 Et.

1863 2133 2056 2189 Lectio
2082 2136 2135 2190 ii.

1662 2224 1701 2278 b
1735 2223 1917 2292 initio,
1962 2230 2018 2278 et
2053 2230 2185 2278 ante
2220 2224 2438 2298 saecula

1724 2303 1913 2357 creata
1957 2318 2109 2370 sum,
2154 2309 2210 2356 et
2248 2317 2430 2371 usque

1584 2381 1659 2434 ad
1697 2381 1954 2435 futurum
1990 2381 2261 2435 saeculum
2310 2396 2431 2435 non

1584 2459 1858 2527 desinam,
1894 2467 1951 2514 et
1985 2460 2044 2513 in
2079 2458 2432 2514 habitatione

1583 2544 1779 2591 sancta
1830 2552 2025 2592 coram
2086 2538 2212 2607 ipso
2268 2536 2430 2591 mini-

1582 2615 1780 2669 stravi.
1841 2616 1917 2670 Et
1953 2617 2035 2671 sic
2068 2616 2126 2669 in
2162 2614 2299 2671 Sion
2336 2614 2431 2669 fir-

1582 2695 1737 2747 mata
1787 2710 1940 2762 sum,
1992 2700 2047 2748 et
2090 2694 2148 2747 in
2196 2693 2432 2749 civitate

1582 2773 1930 2827 sanctificata
1942 2772 2199 2827 similiter
2212 2772 2430 2841 requie-

1582 2850 1657 2918 vi,
1683 2852 1816 2905 etin
1833 2851 2152 2906 Jerusalem
2172 2851 2434 2919 potestas

1580 2944 1725 2984 mea.
1752 2930 1824 2983 Et
1849 2929 2101 2983 radicavi
2126 2929 2186 2982 in
2211 2928 2427 2998 populo

1579 3007 1967 3075 honorificam,
1986 3013 2040 3061 et
2058 3007 2116 3060 in
2137 3014 2298 3076 parte
2316 3005 2428 3061 Dei

1579 3085 1691 3139 mei
1724 3085 2027 3140 haereditas
2061 3085 2234 3153 illius,
2270 3091 2326 3139 et
2362 3084 2424 3138 in

1577 3162 1929 3232 plenitudine
1956 3164 2292 3219 Sanctorum
2331 3163 2425 3216 de·

1581 3241 1757 3296 tentio
1792 3258 1935 3297 mea.
2004 3241 2181 3311 Quasi
2218 3241 2428 3296 cedrus

1578 3321 1827 3375 exaltata
1854 3338 1979 3376 sum
2002 3321 2061 3375 in
2088 3321 2326 3386 Libano,
2366 3325 2429 3373 et

1580 3398 1743 3467 quasi
1789 3401 2092 3468 cypressus
2136 3400 2196 3453 in
2230 3404 2423 3452 monte

1579 3476 1740 3532 Sion:
1767 3477 1931 3544 quasi
1956 3478 2146 3546 palma
2174 3477 2425 3531 exaltata
