2646 3976
683 566 778 613 68*

684 689 1147 746 commovebitur.
1188 688 1361 756 Deus.
1389 683 1526 739 Gle-

684 769 771 823 ria
798 767 971 823 Patri.
1009 765 1341 833 Adiuvabit.

753 845 821 917 Ῡ.
870 854 1053 922 Elegit
1086 868 1211 907 eam
1249 853 1426 919 Deus,
1472 857 1529 906 et

684 933 972 1004 praeelegit
991 947 1133 985 eam.
1156 930 1220 996 R.
1257 931 1327 985 In
1344 931 1528 983 taber-

684 1011 890 1065 naculo
936 1025 1041 1064 suo
1090 1010 1348 1063 habitere
1392 1007 1529 1063 facit

685 1105 826 1146 eam.

925 1158 1011 1205 Ad
1048 1158 1283 1205 Nonam.

716 1225 1056 1295 Capitulum.
1216 1226 1379 1280 Eccli.
1400 1225 1483 1279 39.

784 1306 987 1374 lorete,
1032 1306 1200 1360 flores
1213 1346 1226 1372 ‚
1269 1303 1434 1372 quasi
1466 1303 1527 1357 li-

607 1451 616 1459 ·
810 1385 972 1451 lium,
1012 1389 1068 1438 et
1103 1385 1235 1438 date
1272 1382 1524 1449 oderem,

682 1468 740 1518 et
758 1462 1019 1517 frondete
1036 1462 1096 1515 in
1119 1461 1383 1528 gratiam:
1413 1459 1524 1513 col-

681 1541 911 1595 laudate
936 1540 1235 1608 canticum,
1276 1547 1334 1593 et
1358 1540 1524 1593 bene-

681 1620 851 1674 dicite
886 1618 1197 1672 Dominum
1241 1617 1300 1671 in
1346 1615 1526 1686 operi·

686 1700 793 1754 bus
820 1698 956 1752 suis,

749 1775 817 1843 Rz.
848 1776 928 1829 br.
982 1776 1168 1844 Elegit
1194 1790 1319 1829 eam
1349 1776 1525 1842 Deus,

682 1855 710 1885 ³²
740 1855 812 1909 Et
839 1854 1130 1923 praeelegit
1151 1869 1291 1908 eam.
1320 1852 1520 1921 Elegit.

679 1925 748 1997 Ῡ.
789 1933 855 1985 In
892 1931 1258 1985 tabernaculo
1291 1945 1398 1985 suo
1427 1931 1518 1984 ha-

677 2012 863 2065 bitare
899 2010 1033 2064 facit
1070 2026 1209 2064 eam.
1272 2011 1347 2064 Et
1380 2025 1518 2079 prae-

677 2089 857 2156 elegit.
893 2087 1093 2142 Gloria
1119 2087 1292 2142 Patri.
1325 2087 1518 2154 Elegit.

749 2167 817 2239 Y.
861 2176 1086 2229 Diffusa
1120 2183 1206 2229 est
1248 2174 1426 2244 gretia
1463 2174 1518 2227 in

674 2253 844 2308 labiis
862 2254 993 2308 tuis.
1011 2255 1079 2321 Re-
1100 2255 1416 2323 Propterea
1428 2254 1518 2306 be-

675 2333 892 2388 nedixit
911 2339 967 2387 te
980 2334 1138 2387 Deus
1154 2333 1211 2385 in
1226 2333 1518 2387 aeternum.

814 2438 890 2495 In
924 2437 1001 2496 11.
1033 2437 1377 2510 Vesperis.

740 2516 928 2565 Omnia
958 2525 1012 2563 ut
1043 2517 1096 2564 in
1130 2516 1170 2565 Ι.
1207 2526 1419 2580 excepto
1454 2512 1516 2573 W.

678 2584 897 2633 Diffusa.
922 2585 984 2632 de
1009 2585 1203 2633 Comm.

749 2654 839 2706 Ad
887 2655 1114 2722 Magnis.
1180 2655 1311 2709 Ant.
1359 2655 1517 2709 Rosa

667 2746 838 2786 soror
861 2739 1057 2786 nostra
1082 2734 1227 2787 bene
1252 2733 1326 2787 sit
1352 2733 1518 2787 nobis

672 2816 909 2879 propter
943 2816 1016 2878 te,
1052 2815 1108 2864 et
1134 2811 1292 2865 vivat
1329 2811 1518 2865 anima

673 2894 871 2942 nostra
897 2889 973 2943 ob
997 2889 1238 2958 gratiam
1265 2889 1367 2944 tui.

719 3013 1023 3068 Dominica
1049 3020 1179 3084 post
1207 3014 1481 3070 Octavam

744 3091 1171 3162 Assumptionis
1196 3094 1262 3146 Β.
1282 3094 1357 3147 Μ.
1378 3093 1444 3148 V.

673 3169 1018 3230 Purissimi
1031 3169 1258 3230 Gordis
1272 3169 1344 3232 B.
1355 3169 1510 3230 MN.

871 3253 1093 3321 Duplex
1124 3254 1319 3319 majus,

739 3338 924 3386 Omnia
947 3347 1003 3385 ut
1025 3338 1078 3384 in
1102 3338 1341 3399 Append.
1360 3338 1512 3385 Brev.

679 3406 900 3454 Romani
923 3409 1097 3455 eadem
1119 3407 1408 3455 Dominiea.

1160 3514 1251 3527 W

954 557 1147 603 Puriss.
1173 534 1327 602 Cord.
1355 555 1409 602 B.
1433 553 1505 601 M.
1527 555 1593 605 v.
1617 564 1665 602 et
1691 555 1841 603 Festa
1865 556 2003 617 sept.
2034 557 2121 616 (2.)

1712 684 1822 738 Die
1849 686 1901 739 2.
1927 684 2292 754 Septembris.

1643 762 1710 823 S.
1737 762 2054 822 Antonini
2077 766 2361 835 Martyris,

1876 852 2114 921 Duplex.

1637 933 1821 982 Omnia
1863 936 1926 982 de
1959 936 2231 984 Communi
2261 937 2414 983 unius

1576 1001 1739 1063 Mart„
1765 1012 1951 1065 praeter
1973 1005 2251 1067 sequentia.

1889 1081 2105 1137 Oratio.

1665 1158 1986 1227 mnipotens
2073 1156 2417 1226 sempiterne

1697 1238 1881 1304 DeuS,
1927 1236 2028 1305 qui
2070 1236 2223 1290 hunc
2269 1235 2419 1289 diem

1577 1318 1728 1372 beati
1797 1315 2077 1371 Antonini
2148 1314 2420 1383 Martyris

1577 1398 1661 1452 tui
1706 1395 2067 1449 solemnitate
2111 1392 2415 1449 clarfficas:

1579 1475 1784 1530 exaudi
1831 1490 2028 1544 preces
2075 1472 2272 1543 populi
2318 1472 2418 1540 tui,

1577 1561 1635 1609 et
1662 1561 1899 1624 praesta3
1929 1560 1993 1606 ut
2020 1568 2150 1620 quae
2178 1550 2420 1605 fideliter

1577 1632 1806 1702 expetit,
1820 1646 1888 1685 eo
1906 1630 2272 1698 suffragante,
2291 1629 2419 1683 cen-

1576 1711 1738 1779 sequi
1772 1710 2072 1765 mereetur.
2108 1708 2221 1762 Per
2249 1708 2421 1761 Dfim‚

1636 1785 1695 1832 In
1719 1783 1761 1833 Ι.
1779 1784 2042 1833 Nocturno
2060 1785 2334 1833 Lectiones
2353 1786 2414 1832 de

1573 1855 1837 1917 Scriptura
1862 1862 2171 1904 occurrente.

1864 1960 1903 2013 1.
1936 1958 2257 2012 Nocturno.

1864 2038 2041 2092 Lectio
2057 2039 2141 2090 iv.

1864 2139 2072 2192 ssoninus
2108 2137 2284 2206 regali
2329 2139 2421 2206 ge·

1864 2232 1957 2271 ere
1985 2223 2168 2285 ortUS,
2213 2233 2344 2272 cum
2383 2233 2418 2272 a

1864 2296 2004 2349 rima
2019 2296 2186 2350 aetate
2199 2296 2422 2350 christi·

1864 2375 2079 2446 gionem
2089 2374 2314 2439 celeret,
2323 2390 2430 2443 pa*

1572 2476 1830 2508 remmus
1844 2454 2095 2520 orbatUS,
2108 2467 2140 2505 a
2151 2451 2417 2506 Theodo-

1571 2533 1690 2587 rico
1710 2532 1916 2601 patruo
1937 2532 2161 2585 Tolosae
2178 2544 2308 2597 rege
2328 2531 2415 2584 in-

1571 2611 1744 2677 fideli,
1758 2610 1972 2664 Pemiae
1989 2609 2167 2678 (quod
2178 2614 2263 2662 est
2274 2607 2414 2663 Gel-

1571 2691 1662 2744 liae
1690 2689 2079 2745 Narbonensis
2108 2687 2408 2757 oppidum)

1571 2768 1844 2823 educatus
1867 2773 1966 2820 est.
1994 2766 2198 2821 Delato
2220 2771 2413 2820 autem

1570 2847 1643 2900 ad
1663 2860 1852 2914 regem
1879 2845 2035 2913 quod
2052 2844 2411 2900 Christianus

1568 2932 1733 2992 esset,
1770 2924 1902 2978 inde
1938 2924 2260 2993 discedens,
2298 2925 2412 2979 Ro-

1569 3018 1720 3057 mam
1764 3001 1942 3056 venit:
1992 3003 2191 3070 pestea
2227 3002 2422 3058 Saler-

1568 3097 1705 3134 num
1742 3080 2048 3149 profectuS‚
2083 3081 2164 3135 ibi
2202 3076 2425 3136 duode-‘·

1569 3159 1765 3228 viginti
1792 3173 1971 3212 annos
2004 3159 2157 3228 apud
2194 3161 2319 3228 pios
2353 3165 2416 3214 et

1569 3238 1768 3293 doctos
1786 3237 1940 3292 viros
1966 3237 2026 3290 in
2045 3239 2272 3292 secessu
2289 3251 2408 3291 ere·

1567 3316 1762 3370 mitico
1791 3316 2012 3371 mansit.
2038 3315 2227 3372 Sacris
2249 3315 2424 3370 dein-3

1567 3395 1638 3448 de
1667 3393 1962 3449 ordInibus
1991 3395 2262 3461 initiatus
2291 3393 2423 3449 dia->

1567 3473 1831 3526 conatum
1868 3472 2131 3543 suscepit.
2181 3476 2310 3544 Quo
2337 3489 2411 3530 ex
