2646 3976
784 568 939 616 Festa
960 568 1211 617 Januarii.
1246 568 1363 627 (19.)

1852 565 1948 612 27*

199 696 390 750 Deum
410 691 581 746 nobis
601 689 855 758 protulit,
882 696 937 742 et
955 689 1050 742 ho·
1104 688 1320 742 hinnuli
1341 689 1560 757 capreae
1585 686 1824 754 gemelli,
1852 688 1950 756 qui

199 773 429 827 minem.
492 764 559 835 Iis.
598 769 822 823 Domus
856 766 1050 836 pudici
1103 767 1419 836 pascontur
1443 767 1503 820 in
1528 766 1680 820 liliis,

197 849 452 920 pectoris
498 845 774 915 templum
818 847 1051 914 repente

1175 857 1241 923 R.
1279 855 1605 919 Benedicta,
1634 860 1690 907 et
1715 853 1946 907 venera-

199 915 267 982 fit
320 927 456 982 Dei:
508 925 732 979 ‘intacta
794 923 1049 978 nesciens
1102 933 1234 987 bilis
1261 949 1339 1001 es,
1377 933 1552 1001 Virgo
1580 932 1780 1000 Marsa,
1819 947 1948 1000 quae

200 1007 413 1072 virum,
455 1004 633 1058 verbo
670 1002 927 1070 concepit
963 1002 1049 1056 Fi-

204 1083 364 1138 lium.
402 1083 492 1136 Et.

480 1228 671 1282 Lectio
700 1227 776 1280 iii.

301 1369 344 1406 n
397 1352 670 1406 lectulum
724 1349 1048 1405 Salomonis

357 1430 652 1498 sexaginta
701 1428 878 1483 fortes
934 1429 1045 1481 om·

201 1511 363 1565 biunt
393 1525 466 1563 ex
501 1507 827 1562 fortissimis
853 1506 1045 1573 Israel,

200 1603 398 1643 omnes
435 1587 693 1641 tenentes
737 1585 954 1655 gladios
992 1592 1048 1639 et

203 1667 279 1721 ad
304 1666 450 1719 bella
486 1665 821 1720 doctissimi:
858 1664 1047 1718 unius·

198 1744 475 1814 cujfisque
500 1744 651 1799 ensis
675 1758 846 1811 super
863 1742 1049 1796 femur

198 1838 369 1879 suum
405 1829 644 1892 propter
680 1823 913 1875 timores
950 1835 1048 1874 no-

197 1902 453 1957 caimos.
476 1900 778 1955 Ferculum
793 1898 926 1954 fecit
938 1899 1046 1952 sibi

196 1997 304 2035 rex
340 1978 613 2036 Salomon
651 1979 722 2034 de
757 1978 921 2047 lignis
950 1977 1047 2032 Li·

197 2059 358 2114 bani:
376 2059 672 2113 colomnas
686 2059 804 2127 ejus
816 2058 950 2113 fecit
961 2072 1046 2110 ar-

196 2139 454 2207 genteas,
492 2136 915 2191 reclinatorium
951 2137 1047 2189 ati-

196 2231 379 2283 renm,
426 2217 726 2272 ascensum
772 2214 1046 2283 pnrptire-

199 2310 326 2349 nm:
344 2294 531 2349 media
550 2294 784 2347 caritate
802 2294 1048 2347 constra-

200 2371 291 2426 vit
300 2380 531 2442 propter
544 2371 695 2425 fssias
709 2372 746 2426 J
747 2371 1043 2425 erfisalem.

200 2451 582 2520 Egredimini,
627 2457 683 2504 et
717 2450 935 2515 videte,
980 2450 1042 2503 fi-

198 2530 292 2584 liae
305 2528 460 2597 Sion,
484 2545 671 2597 regem
685 2528 1046 2583 Salomonem

198 2608 258 2662 in
287 2608 625 2675 diademate,
659 2622 773 2676 quo
808 2607 1045 2661 corona-

198 2688 281 2741 vit
316 2687 480 2741 illum
515 2693 696 2740 mater
732 2701 837 2739 sua
870 2684 929 2738 in
956 2684 1048 2738 die

199 2765 661 2835 desponsationis
686 2764 866 2832 -illius,
898 2769 953 2817 et
988 2763 1047 2816 in

199 2845 295 2899 die
360 2843 577 2898 laetitiae
649 2842 838 2897 cordis
911 2842 1046 2910 ejus.

200 2924 389 2991 Quam
436 2922 674 2991 pulchra
723 2938 784 2976 es
799 2963 812 2989 ,
868 2921 1048 2974 amica

1103 1012 1224 1065 sine
1257 1018 1411 1065 tactu
1447 1011 1682 1080 pudoris
1717 1011 1950 1065 inventa

1103 1105 1164 1143 es
1199 1090 1382 1143 Mater
1410 1089 1745 1144 Salvatoris:
1772 1089 1808 1126 θ
1853 1089 1890 1143 J
1893 1104 1948 1142 a·

1104 1169 1267 1221 cebat
1302 1168 1362 1221 in
1398 1169 1703 1236 praesepi0‚
1749 1173 1806 1222 et
1842 1166 1949 1220 ful-

1101 1247 1271 1313 gebat
1296 1246 1355 1298 in
1384 1247 1547 1300 coelo.
1579 1238 1648 1310 y,
1681 1247 1945 1312 Domine,

1104 1323 1298 1377 audivi
1346 1324 1603 1378 auditum
1652 1332 1836 1390 tuum,
1890 1329 1947 1377 et

1101 1401 1294 1455 timui:
1360 1403 1719 1456 consideravi
1773 1404 1947 1471 opera

1103 1487 1218 1547 tua,
1267 1488 1323 1535 et
1347 1482 1602 1550 expovi,
1650 1482 1708 1534 in
1758 1481 1948 1534 medio

1103 1560 1348 1614 duorum
1385 1560 1730 1614 animalium.
1786 1560 1947 1615 Jaco-

1104 1640 1215 1692 bat.
1252 1636 1450 1691 Gloria
1482 1638 1654 1693 Patri.
1690 1640 1728 1694 J
1730 1639 1944 1692 acebat.

1254 1749 1323 1799 In
1356 1749 1428 1802 11.
1459 1746 1779 1799 Nocturna

1172 1836 1303 1890 Ant.
1335 1835 1606 1905 Speciosa
1627 1838 1774 1890 facta
1795 1853 1871 1902 eS,
1890 1843 1948 1890 et

1104 1917 1296 1972 suavis
1322 1917 1382 1969 in
1408 1915 1623 1968 deliciis
1651 1915 1781 1981 tuiS,
1822 1930 1947 1968 san-

1103 2005 1194 2053 cta
1222 1997 1333 2050 Dei
1359 1995 1636 2050 Genitrix.

1173 2087 1305 2140 Ant.
1322 2083 1655 2138 Pulchriora
1669 2089 1801 2137 sunt
1813 2083 1946 2136 tibe-

1101 2180 1166 2218 ra
1202 2171 1300 2217 tua
1327 2164 1477 2229 vin0,
1515 2169 1570 2216 et
1607 2162 1755 2216 odor
1781 2161 1948 2216 vesti-

1101 2243 1423 2296 mentorum
1484 2242 1713 2295 tuorum
1775 2254 1948 2310 super

1103 2321 1293 2375 omnia
1323 2320 1594 2373 aromata.

1170 2407 1302 2461 Ant.
1341 2406 1500 2461 Sicut
1534 2404 1850 2458 laetantium
1886 2404 1942 2456 o-

1102 2485 1318 2540 mnium
1365 2489 1621 2537 nostrum
1669 2481 1944 2534 habitatio

1102 2570 1188 2618 est
1222 2561 1283 2615 in
1327 2568 1409 2629 te,
1458 2565 1653 2614 sancta
1689 2558 1797 2612 Dei
1835 2556 1944 2611 Ge-

1101 2641 1292 2695 nitriX.

1174 2708 1244 2781 W·
1275 2717 1591 2787 Adiuvabit
1625 2732 1749 2772 eam
1787 2716 1947 2769 Deus

1103 2799 1266 2852 vultu
1279 2811 1401 2850 suo,
1418 2793 1486 2860 Βι.
1511 2796 1671 2850 Deus
1683 2794 1740 2847 in
1755 2792 1946 2847 medio

1104 2878 1238 2945 ejus,
1269 2891 1385 2929 non
1413 2872 1877 2929 commovebitur.

198 3017 355 3069 mea,
427 3015 602 3069 quam
663 3001 899 3070 pulchra
960 2997 1048 3053 es!
1102 2987 1306 3044 Sermo
1331 2988 1509 3043 sancti
1532 2987 1741 3043 Leonis
1757 2986 1945 3053 Papae.

200 3080 367 3136 Oculi
384 3080 471 3135 tui
489 3080 902 3145 columbarum,
927 3080 1049 3132 abs-

1375 3074 1567 3128 Leetio
1595 3075 1670 3126 iv.

200 3175 314 3228 que
366 3174 437 3213 eo
501 3159 657 3227 quod
710 3158 1049 3212 intrinsecus
1153 3155 1311 3204 serm.
1337 3154 1368 3200 i.
1391 3153 1452 3200 de
1475 3151 1644 3199 Nativ.
1666 3148 1893 3197 Domini.

199 3238 354 3293 latet.
409 3237 615 3306 Capilli
644 3236 727 3290 tui
761 3235 904 3289 sicut
930 3250 1050 3304 gre·

200 3332 297 3385 ges
332 3318 660 3386 caprarum,
696 3331 826 3383 quae
860 3329 1050 3368 ascen·
1130 3308 1171 3399 ζ

202 3396 412 3450 derunt
458 3394 530 3448 de
574 3401 765 3448 monte
811 3391 1052 3448 Galaad.

1204 3304 1206 3307 .
1240 3303 1256 3310 „
1292 3261 1320 3273 »ι
1342 3232 1461 3300 irgo
1480 3229 1634 3297 regia
1653 3227 1945 3282 Davidicae

1202 3306 1244 3357 J(
1280 3322 1315 3366 ,ς’
1359 3309 1551 3378 stirpis
1562 3306 1798 3375 eligitur,
1818 3321 1948 3374 quae

1176 3392 1201 3415 ’··
1273 3378 1312 3399 Υ
1359 3402 1522 3442 sacro
1599 3384 1949 3453 gravidanda

202 3477 337 3530 Duo
372 3476 556 3529 iibera
590 3478 708 3539 tna,
754 3472 899 3526 sicut
936 3471 1051 3524 duo
1107 3469 1266 3537 foetu,
1302 3466 1576 3534 divinam,
1620 3465 1951 3518 humanam-
