2646 3976
669 549 766 599 240

667 672 769 727 siae
802 687 946 739 suae,
991 677 1048 724 et
1091 671 1281 738 pesuit
1317 669 1505 737 Ange-

666 749 783 804 lum
831 749 906 803 ad
951 762 1174 817 pacem,
1220 753 1276 801 et
1317 747 1505 802 custe-

668 827 821 881 diam
856 826 916 880 in
952 823 1170 880 finibus
1206 825 1343 893 ejus.

704 929 1041 997 Capitulum.
1168 935 1217 986 4.
1234 934 1371 1001 Reg.
1391 933 1469 986 19.

773 1041 858 1080 aec
921 1024 1056 1078 dicit
1098 1023 1379 1078 Dominus
1435 1024 1506 1077 de

799 1103 952 1172 Rege
964 1103 1333 1173 Assyrierum
1347 1121 1360 1155 ε
1374 1102 1505 1157 Non

665 1181 1014 1251 ingredietur
1074 1182 1277 1235 urbem
1338 1179 1505 1247 hanc,

665 1275 770 1315 nec
817 1260 1002 1315 mittet
1056 1260 1117 1314 in
1165 1274 1290 1313 eam
1338 1258 1505 1326 sagit-

666 1345 810 1401 tam,
863 1352 968 1392 nec
1021 1338 1326 1405 occupabit
1378 1350 1505 1391 eam

663 1416 916 1484 clypeus,
968 1431 1074 1470 nec
1125 1414 1501 1469 cirefimdabit

664 1507 790 1547 eam
824 1492 1083 1547 munitio,

944 1574 1222 1643 Hymnus,

668 1652 874 1775 Tibi,
929 1656 1176 1725 Christe,
1232 1655 1505 1726 splendor

941 1734 1149 1800 Patris,

661 1814 812 1882 Vita,
839 1814 1021 1868 virtus
1052 1814 1326 1881 cerdium,

663 1894 733 1947 In
758 1893 1066 1962 conspectu
1093 1892 1445 1960 Angelorum

661 1970 841 2038 Votis,
869 1985 1009 2025 voce
1033 1970 1346 2040 psallimus,

661 2048 1029 2103 AlternAntes
1055 2047 1455 2117 concrepando

662 2127 840 2180 Melos
867 2127 1071 2180 damus
1096 2126 1351 2180 vecibus.

733 2218 1140 2273 Collaudaeimus
1166 2220 1502 2273 venerentes

661 2298 870 2353 Omnes
897 2298 1025 2351 coeli
1051 2297 1351 2366 principeS‚
1505 2292 1512 2295 “

659 2375 772 2432 Sed
798 2375 1085 2444 praecipue
1111 2375 1421 2430 Custedem

659 2454 845 2523 Hujus
871 2455 1139 2509 Ecclesiae
1167 2461 1224 2509 et
1251 2453 1467 2523 pepuli,

660 2532 788 2601 Qui,
816 2539 872 2587 te
898 2533 1142 2600 jubente,
1170 2547 1203 2586 a
1232 2532 1395 2586 malis

659 2612 780 2668 Nos
805 2612 999 2664 tuetur
1023 2610 1302 2664 emnibuS.

733 2710 860 2776 Quo
942 2708 1219 2775 Custede‚
1301 2709 1502 2777 procul

939 2785 1101 2854 pelle,

658 2864 786 2918 Rex
813 2863 1036 2918 Christe
1063 2864 1337 2933 piissime,

659 2941 839 2997 Omne
864 2941 1027 2995 nefas
1054 2941 1264 2997 inimici

658 3020 873 3074 Mundo
900 3021 1074 3075 eorde
1098 3027 1154 3075 et
1178 3022 1442 3090 corpore:

658 3097 936 3152 Paradiso
962 3099 1139 3154 redde
1166 3106 1263 3153 tuo

657 3177 778 3234 Nos
807 3178 930 3231 sola
956 3177 1269 3232 clementia.

732 3277 990 3333 Gloriam
1018 3278 1178 3331 Patri
1203 3279 1442 3334 melodis

657 3354 1036 3410 Personemus
1060 3356 1312 3426 vocibus,

1252 548 1408 596 Festa
1431 547 1686 596 Octobris·
1720 549 1808 608 (1.)

1561 669 1818 725 Gleriam
1843 673 2151 741 Paraclito,

1561 748 1672 816 Qui
1695 750 1881 805 trinus
1912 757 1968 804 et
1994 766 2143 805 unus
2171 752 2333 806 Deus

1559 827 1762 881 Exstat
1779 835 1911 882 ante
1928 829 2154 883 saecula.
2193 828 2405 884 Amen.

1631 904 1699 971 W.
1756 905 1990 973 Angelis
2062 907 2180 961 suis
2240 908 2405 961 Deus

1559 983 1852 1038 mandavit
1876 985 1947 1039 de
1979 992 2050 1039 te.
2090 990 2157 1057 R.
2201 985 2283 1041 Ut
2308 1000 2404 1040 cu-

1559 1060 1810 1115 stodiant
1832 1068 1889 1117 te
1915 1064 1975 1116 in
2002 1063 2265 1117 omnibus
2293 1063 2404 1118 viis

1560 1138 1689 1193 tuis.

1629 1233 1722 1285 Ad
1762 1235 1988 1302 Magnif.
2030 1237 2160 1290 Ant.
2212 1236 2401 1307 Super

1558 1325 1753 1365 muros
1767 1318 1913 1381 tuoe,
1925 1313 2260 1382 Jerusalem,
2273 1331 2404 1370 con-

1559 1389 1717 1444 stitui
1743 1391 2036 1446 custedes:
2075 1398 2197 1447 tota
2224 1393 2317 1447 die
2342 1400 2404 1449 et

1556 1473 1723 1522 nocte
1740 1483 1854 1522 non
1875 1470 2143 1524 tacebunt
2161 1471 2404 1526 laudare

1557 1560 1763 1600 nomen
1791 1548 2038 1614 Demini.

1873 1646 2084 1699 Oratio,

1561 1719 1972 1846 Omnipotens
2051 1721 2398 1790 sempiterne

1671 1797 1845 1866 Deus,
1864 1798 1962 1867 qui
1979 1799 2253 1854 ineffabili
2268 1816 2406 1870 pro·

1556 1873 1808 1928 videntia
1850 1876 2160 1946 unicuique
2209 1878 2406 1933 Eccle-

1556 1952 1657 2007 siae
1714 1952 2059 2023 singularem
2114 1956 2407 2026 Angelum

1556 2033 1629 2085 ad
1699 2034 2013 2087 custodiam
2086 2035 2403 2104 deputasti:

1556 2110 1804 2165 concede
1822 2115 2175 2183 quaesumu83
2202 2121 2267 2168 ut
2282 2115 2404 2168 An-

1554 2188 1663 2256 geli
1682 2189 1952 2244 Ecclesiae
1970 2198 2181 2245 nostrae
2201 2192 2403 2247 Custe-

1556 2265 1645 2318 dis
1677 2267 1942 2335 precibus
1980 2274 2036 2322 et
2069 2270 2403 2338 patrociniis

1554 2343 1629 2395 ab
1666 2345 1930 2398 omnibus
1976 2361 2202 2416 semper
2236 2349 2402 2401 erue·

1554 2437 1684 2476 mur
1707 2422 1979 2476 adversis,
2033 2424 2148 2478 Per
2170 2426 2345 2480 Dfim.

1694 2533 1805 2592 Ad
1832 2534 2256 2592 Matutinum.

1632 2624 1798 2679 Invit.
1820 2626 2031 2691 Regem
2045 2623 2396 2691 Angelorum
2492 2676 2500 2680 ,

1556 2700 1727 2765 Dfim,
1756 2700 1792 2734 θ
1818 2700 2044 2768 Venite,
2074 2700 2391 2755 adoremus

1623 2778 1715 2832 Ps.
1755 2777 1970 2846 Venite,
1998 2779 2356 2833 exsultemus,

1624 2866 1830 2933 Hymn.
1878 2864 2026 2932 Tibi,
2063 2864 2299 2932 Christe,
2322 2872 2389 2920 ut

1553 2960 1742 3012 supra.

1715 3046 1786 3097 In
1821 3047 1867 3099 Ι.
1899 3047 2220 3101 Nocturna

1623 3126 1754 3179 Ant.
1814 3124 2011 3193 Dirige
2054 3126 2305 3181 Demine
2360 3127 2395 3163 ὓ

1551 3217 1655 3272 per
1697 3202 1975 3269 Angelum
2029 3210 2192 3258 tuum
2243 3205 2396 3259 viam

1551 3288 1833 3348 nostram3
1876 3287 1932 3335 et
1967 3287 2130 3335 scuto
2168 3282 2395 3337 fortitu·

1551 3356 1699 3410 dinis
1753 3364 1866 3412 tuae
1917 3358 2150 3427 pretege
2195 3375 2398 3415 servos

657 3430 912 3486 Gleriam
941 3433 1166 3489 Christo
1201 3438 1495 3505 canamus,
1554 3441 1699 3488 tuos.
