2646 3976
742 525 806 574 2*

797 683 996 740 Sermo
1022 688 1202 742 sancti
1227 689 1531 757 Augustini

1015 766 1297 836 Episcopi.

798 853 880 902 De
902 852 955 904 S.
978 854 1254 918 Cypriam,
1277 870 1427 905 serm.
1451 857 1523 905 12.

1025 970 1219 1025 Lectio
1249 988 1302 1025 v.

739 1060 1103 1191 ¹Sermonem
1127 1069 1294 1137 exigit
1320 1077 1434 1124 tam
1456 1086 1577 1139 gra·

853 1152 910 1199 ta
938 1153 993 1200 et
1031 1147 1291 1214 religiosa
1318 1148 1576 1201 solemni-

732 1231 845 1289 ωε,
895 1239 1008 1292 qua
1055 1226 1376 1293 passionem
1426 1228 1575 1280 beati

733 1301 999 1371 Mertyris
1025 1299 1295 1357 Pontiani
1331 1305 1574 1359 celebra-

732 1395 875 1433 muS.
919 1380 1123 1435 Tristis
1159 1383 1359 1450 procul
1397 1383 1573 1437 dubio

733 1464 867 1512 tunc
929 1459 1183 1513 Ecclesia
1253 1461 1385 1528 fuit,
1459 1475 1573 1514 non

732 1536 939 1590 damno
976 1538 1247 1604 cadentiS,
1294 1540 1395 1592 sed
1432 1539 1574 1592 desi-

732 1614 890 1668 derio
946 1617 1285 1685 recedentis,
1349 1633 1574 1686 semper

730 1693 963 1762 cupiens
1002 1694 1194 1748 videre
1233 1698 1573 1764 praesentem

728 1778 842 1825 tam
865 1773 1076 1827 bonum
1104 1775 1382 1828 rectorem
1404 1780 1573 1842 atque

730 1850 1036 1907 doctorem.
1097 1851 1210 1906 Sed
1248 1868 1394 1921 quos
1431 1852 1573 1907 affli-

728 1936 889 1982 xerat
936 1929 1260 1983 sollicitudo
1315 1930 1570 1984 certami-

728 2007 840 2071 niS‚
889 2008 1181 2061 consolata
1229 2015 1313 2061 est
1361 2009 1571 2063 corena

727 2084 971 2137 victeriS.
1038 2086 1111 2139 Et
1146 2102 1296 2140 nunc
1334 2101 1447 2139 non
1485 2103 1570 2142 so·

726 2163 845 2215 lum
882 2163 1003 2216 sine
1041 2164 1154 2218 ulla
1191 2165 1440 2233 tristitia,
1478 2182 1570 2220 ve·

726 2256 851 2293 rum
881 2241 1049 2295 etiam
1080 2259 1209 2297 cum
1238 2244 1449 2311 ingenti
1477 2245 1569 2298 lae-

726 2320 869 2386 titia,
888 2328 1090 2375 cuncta
1110 2338 1239 2389 quae
1261 2329 1393 2377 tunc
1412 2330 1568 2392 gesta

724 2406 885 2464 sunt,
945 2399 1183 2467 legendo
1238 2402 1566 2456 recelimus:

725 2476 930 2545 dieque
966 2477 1075 2531 isto
1114 2479 1363 2544 gaudere
1403 2482 1567 2534 nobis

724 2556 1053 2609 concessum
1081 2563 1182 2624 est,
1210 2572 1323 2610 non
1353 2558 1566 2617 timere.

724 2633 921 2701 Neque
984 2633 1132 2686 enim
1194 2634 1566 2691 formidamus

725 2711 1051 2764 terribiliter
1090 2713 1424 2781 venientem,
1464 2716 1565 2769 sed

723 2789 1114 2857 exspectamus
1151 2790 1404 2845 hilariter
1440 2794 1564 2847 red-

722 2867 963 2922 euntem.

803 2963 871 3030 Βι.
889 2964 1269 3019 Desiderium.

1002 3092 1190 3147 Lectio
1219 3091 1291 3146 vi.

732 3185 978 3309 Vicina
1040 3191 1294 3260 cerporis
1363 3200 1561 3260 morte,

849 3283 980 3342 non
992 3269 1343 3324 moriebatur
1368 3270 1427 3325 in
1446 3271 1562 3324 ani-

718 3363 812 3401 mo
852 3348 1095 3417 pasteris
1133 3347 1418 3415 vigilantia
1465 3366 1562 3418 pa-

718 3427 968 3481 storalis:
997 3433 1052 3480 et
1071 3439 1205 3479 cura
1231 3428 1426 3481 tuendi
1446 3429 1560 3482 Do·

1309 529 1464 575 Festa
1486 528 1802 578 Decembris„
1836 533 1923 591 (4.)

1636 656 1825 711 minici
1852 659 2034 726 gregis
2066 675 2249 728 usque
2284 662 2358 714 ad
2384 677 2475 716 ex·

1633 735 1876 788 tremum
1926 737 2057 790 vitae
2111 738 2278 806 hujus
2326 739 2476 794 diem

1631 820 1818 867 mente
1831 814 2022 868 sebria
2032 817 2345 872 tenebatur.
2358 818 2476 873 Nec

1632 891 1949 945 excutiebat
1995 894 2067 946 ab
2115 894 2304 948 animo
2353 895 2473 950 dili·

1629 969 1873 1036 gentiam
1902 970 2217 1026 fidelissimi
2253 974 2474 1043 dispen-

1631 1048 1838 1101 satoris
1882 1065 2084 1103 manus
2128 1052 2239 1120 jam
2286 1054 2473 1122 proxi-

1631 1141 1723 1178 ma
1759 1127 1974 1181 cruenti
2022 1130 2318 1185 carnificis.
2384 1133 2470 1186 Ita

1629 1219 1690 1257 se
1725 1204 2032 1274 Martyrem
2068 1208 2352 1276 cogitabat
2381 1210 2469 1264 fu-

1630 1283 1838 1350 turum,
1876 1290 1938 1337 ut
1965 1300 2092 1339 esse
2129 1301 2244 1340 non
2278 1288 2473 1342 oblivi-

1628 1362 1881 1415 sceretur
1906 1364 2260 1433 episcopum;
2291 1366 2470 1432 magis

1629 1454 1849 1507 curanS,
1878 1456 2046 1509 quam
2073 1443 2347 1498 rationem
2374 1460 2469 1514 pa-

1629 1518 1845 1571 storum
1902 1520 2146 1591 principi
2196 1522 2267 1576 de
2320 1538 2468 1577 com-

1627 1597 1812 1650 missis
1861 1598 1968 1651 sibi
2022 1600 2224 1654 ovibus
2269 1602 2468 1656 redde·

1627 1682 1727 1743 ret,
1761 1693 1932 1744 quam
1952 1679 2092 1746 quid
2109 1679 2322 1734 infideli
2339 1696 2467 1750 pro-

1627 1755 1844 1808 consuli
1873 1757 1942 1809 de
1978 1757 2092 1810 fide
2125 1758 2355 1827 prepria
2382 1775 2466 1815 re·

1627 1835 1948 1902 sponderet.
1980 1836 2229 1893 Amabat
2255 1839 2465 1909 quippe

1625 1927 1753 1965 eum
1816 1913 1915 1980 qui
1984 1915 2156 1970 Petro
2218 1917 2463 1971 dixerat:

1624 1992 1802 2045 Amas
1871 1993 2000 2047 me?
2086 2011 2254 2063 pasce
2325 2012 2460 2052 oves

1624 2085 1794 2124 meas,
1815 2070 1888 2125 Et
1906 2074 2174 2141 pascebat
2193 2091 2328 2130 oves
2346 2079 2463 2146 ejus

1624 2163 1728 2216 pro
1748 2150 1956 2217 quibus
1985 2154 2314 2220 sanguinem
2343 2155 2463 2210 fun·

1624 2228 1773 2293 dere,
1801 2229 1959 2283 illum
1978 2231 2221 2299 imitanS‚
2246 2248 2463 2303 praepa·

1624 2308 1802 2361 rebat.

1696 2388 1764 2454 [ᾗ.
1788 2385 1943 2441 Stola
1974 2388 2353 2455 jucunditatis.

1685 2475 1747 2521 In
1765 2474 1865 2522 III.
1882 2475 2143 2522 Nocturno
2163 2474 2391 2522 Homilia
2409 2475 2459 2522 in

1628 2544 1823 2605 Evang.
1854 2542 1997 2593 Nihil
2018 2551 2095 2593 est
2117 2545 2367 2608 opertum.
2401 2547 2460 2592 de

1628 2615 1804 2661 eodem
1830 2615 2099 2662 Communi
2119 2617 2163 2662 3.
2187 2615 2316 2663 loco.

1686 2693 1749 2752 152.
1771 2694 1879 2741 viii.
1908 2692 2125 2744 Domine
2146 2696 2460 2757 praevenisti.

1756 2832 1865 2887 Die
1890 2835 1940 2887 4.
1970 2835 2316 2891 Decembris

1619 2917 1685 2978 S.
1707 2918 2013 2979 Barbarae
2040 2924 2191 2989 Virg.
2221 2929 2277 2975 et
2294 2923 2458 2975 Mart.

1912 3011 2159 3078 DupleX.

1684 3099 1867 3146 Omnia
1886 3107 1939 3144 ut
1958 3098 2009 3143 in
2026 3097 2324 3158 Appendicc
2342 3097 2461 3143 Bre-

1622 3169 1771 3215 viarii
1801 3168 2036 3226 Romani,
2068 3181 2161 3226 pro
2200 3166 2462 3228 aliquibus

1620 3237 1745 3284 locis
1771 3238 1941 3284 eadem
1970 3238 2064 3284 die.

1878 3361 2191 3380 mmmm
