2646 3976
650 559 745 608 88*

650 685 775 739 nire
799 681 957 752 qnod
981 680 1205 750 quatit,
1241 678 1335 733 cui
1368 679 1495 747 pro-

652 763 778 832 pria
803 775 921 815 non
941 758 1155 814 sufficit
1180 756 1496 828 plenitud0‚

651 856 757 895 nec
808 854 914 893 suo
965 843 1152 907 potest
1195 851 1321 891 csse
1365 850 1496 889 con·

652 921 809 974 tenta
844 919 1026 983 bon03
1074 914 1178 968 sed
1221 911 1493 982 quemed·

653 996 886 1051 modum
922 994 1196 1063 scriptum
1232 998 1345 1046 est:
1396 989 1496 1059 qui

651 1074 795 1129 bibit
856 1073 1043 1126 adhuc
1104 1070 1289 1137 sitiet,
1355 1067 1498 1139 petit

656 1148 1179 1222 supereffluentiam
1230 1148 1304 1201 ad
1353 1145 1500 1201 salu-

655 1237 768 1285 tem
796 1228 1200 1284 univcrsitetiS.
1249 1224 1499 1294 SpIritus

654 1307 923 1377 Sanctus,
977 1307 1083 1373 ait,
1135 1302 1498 1374 superveniet

653 1388 714 1440 in
758 1393 832 1453 te,
886 1391 942 1440 et
990 1383 1302 1453 pretiesum
1357 1379 1501 1435 illud

653 1465 972 1520 belsamum
1028 1468 1185 1515 tanta
1249 1458 1353 1513 tibi
1407 1457 1498 1512 ce·

655 1542 766 1614 pia,
820 1541 1094 1609 tanteque
1147 1536 1500 1608 plenitudine

658 1621 872 1687 Influet,
907 1626 971 1673 ut
1005 1617 1393 1687 copiosissime
1421 1613 1501 1668 ef-

655 1700 796 1755 fluat
806 1697 1269 1766 circumquaque.
1293 1694 1384 1748 Ita
1397 1700 1500 1761 est,

655 1779 766 1849 jam
808 1775 1100 1843 sentImuS,
1139 1773 1251 1843 jam
1290 1771 1501 1827 exhila-

656 1858 859 1926 rentur
921 1854 1095 1910 fecies
1157 1857 1371 1906 nostrae
1442 1850 1502 1903 in

657 1935 802 2003 eleo,
815 1933 927 2003 jam
941 1933 1277 1987 clamemus:
1299 1929 1502 1984 Oleum

657 2014 904 2070 effusum
949 2026 1154 2065 nomen
1200 2016 1393 2076 tuum,
1446 2015 1504 2062 et

657 2090 985 2145 memoriale
1029 2095 1193 2144 tuum
1238 2088 1296 2140 in
1341 2101 1504 2155 gene·

657 2169 878 2224 ratiene
907 2174 964 2222 et
994 2166 1431 2234 generationem.

734 2258 806 2326 131.
858 2254 1120 2309 Crudelis
1172 2254 1339 2308 Heva
1400 2266 1504 2320 per

660 2347 832 2403 quam
859 2347 1093 2401 serpens
1113 2330 1383 2400 antiquus
1409 2345 1504 2399 pe-

659 2411 923 2467 stiferum
985 2410 1156 2464 etiam
1212 2408 1322 2478 ipsi
1376 2410 1503 2464 viro

660 2490 819 2544 virus
836 2488 1074 2557 infudit3
1098 2492 1134 2527 ἃ
1157 2487 1371 2542 Fidelis
1390 2489 1505 2541 Ma·

659 2568 763 2633 ria,
797 2582 927 2635 quae
954 2565 1156 2620 salutis
1185 2566 1503 2620 antidotum

663 2654 721 2700 et
747 2645 903 2707 viris,
932 2652 990 2699 et
1018 2645 1351 2700 mulieribus
1376 2659 1505 2713 pro-

662 2723 896 2794 pinevit.
938 2717 1007 2788 W.
1039 2723 1142 2777 Illa
1169 2722 1320 2776 enim
1348 2722 1507 2776 mini·

662 2811 781 2858 stra
816 2800 1181 2867 seductieniS‚
1218 2801 1342 2854 haec
1375 2814 1504 2869 pro-

661 2879 994 2952 pitiatienis:
1068 2877 1164 2932 illa
1227 2879 1506 2947 suggessit

661 2956 1215 3029 praevaricationem,
1260 2957 1384 3012 haec
1424 2957 1505 3011 in·

662 3038 789 3107 jecit
797 3038 1260 3107 redemptionem.
1274 3037 1506 3092 Fidelis.

946 3129 1145 3186 Lectio
1173 3148 1226 3185 v.

670 3219 937 3344 Verum
959 3221 1020 3274 id
1045 3220 1275 3312 quidem
1303 3236 1419 3275 non
1447 3220 1508 3274 in

787 3314 1024 3366 vanum,
1054 3307 1110 3354 et
1135 3315 1186 3354 sl
1212 3300 1400 3355 eleum
1427 3299 1507 3354 ef·

1147 554 1416 602 Dominica
1437 553 1538 602 111.
1562 553 1885 602 Novembris·

1546 676 1887 742 lescentulae‚
1937 675 2191 745 pervulae
2246 675 2413 730 scili-

1548 761 1638 809 cet
1673 754 1880 808 enimae
1894 794 1908 822 ‚
1953 769 2227 823 sponsum
2273 753 2414 808 dssi-

1548 840 1701 902 gunt‚
1736 832 1910 901 idque
1936 848 2052 887 non
2080 847 2309 901 parum:
2337 839 2410 886 et

1549 914 1904 980 unguentum
1934 909 2288 965 descendens
2324 911 2412 964 de

1550 990 1751 1059 cepite,
1803 1005 1920 1045 non
1973 989 2146 1043 modo
2196 989 2412 1056 barba,

1550 1069 1652 1123 sed
1690 1075 1747 1122 et
1780 1068 1906 1137 ipsa
1933 1066 2257 1121 vestimenti
2292 1081 2409 1122 ora

1550 1146 1816 1216 suscepit.
1869 1145 2119 1212 Intuere,
2145 1160 2181 1199 o
2205 1145 2408 1214 homo,

1551 1224 1850 1278 consilium
1931 1223 2070 1289 Dei,
2154 1225 2408 1291 agnesce

1550 1302 1851 1358 consilium
1897 1302 2141 1373 pietatis.
2216 1303 2405 1358 Coele-

1552 1382 1625 1435 sti
1671 1396 1802 1437 rore
1849 1383 2042 1436 dream
2090 1382 2404 1450 rigaturus,

1553 1466 1735 1514 totum
1765 1459 1948 1516 vellus
1975 1459 2138 1528 prius
2165 1459 2403 1514 infudit.

1554 1537 1980 1607 Redemptums
2082 1538 2402 1593 humanum

1551 1631 1747 1684 genus,
1782 1617 2028 1684 pretium
2064 1616 2399 1671 universum

1552 1693 1790 1749 centulit
1828 1694 1888 1748 in
1924 1694 2183 1749 Mariam.

1630 1785 1697 1854 R*-
1746 1782 2022 1837 Omnibus
2083 1782 2404 1842 misericor-

1554 1861 1663 1915 diae
1711 1860 1900 1916 sinum
1945 1861 2167 1931 aperuit
2209 1861 2402 1931 piissi-

1553 1955 1647 1995 ma
1683 1939 1866 1995 Maria
1902 1943 1939 1977 ἃ
1976 1940 2060 1998 Ut
2105 1940 2177 1994 de
2221 1939 2401 2009 pleni·
2454 1945 2459 1954 '

1553 2018 1754 2074 tudine
1797 2019 1918 2085 eius
1957 2019 2235 2089 achpiant
2279 2020 2403 2073 uni-

1555 2096 1722 2151 versi.
1770 2091 1839 2165 W.
1873 2095 2151 2166 Captivus
2179 2096 2401 2152 redem-

1554 2176 1824 2245 ptionem,
1852 2190 2001 2243 aeger
2027 2175 2401 2241 curationem,

1555 2253 1734 2308 tristis
1760 2253 2234 2322 consolatienem‚
2269 2269 2399 2323 pec-

1556 2333 1717 2386 cetor
1761 2332 2001 2399 veniam,
2046 2331 2228 2399 iustus
2271 2334 2399 2401 gre.-

1556 2412 1712 2465 tiam.
1782 2411 1862 2466 Ut
1917 2410 1989 2465 de
2041 2410 2398 2480 plenitudine

1556 2490 1693 2558 ejus.
2088 2554 2099 2557 =

1831 2582 2027 2638 Lectio
2053 2582 2133 2637 vi.

1639 2672 1774 2726 Itius
1782 2685 1915 2739 ergo
1925 2671 2218 2726 intuemini
2227 2686 2404 2739 quan·

1677 2756 1738 2806 to
1767 2750 2089 2806 devotionis
2124 2749 2336 2804 affectu
2367 2764 2401 2802 a

1557 2829 1725 2884 nobis
1768 2844 1895 2884 eam
1930 2828 2177 2883 voluerit
2220 2828 2401 2883 hono·

1556 2908 1692 2975 reri,
1728 2908 1828 2977 qui
1855 2908 2031 2962 totius
2059 2907 2194 2961 boni
2223 2906 2401 2976 pleni·

1556 2987 1809 3042 tudinem
1854 2986 2048 3056 pesuit
2098 2985 2159 3039 in
2193 2985 2398 3040 Maria:

1557 3071 1620 3119 ut
1657 3065 1895 3134 proinde
1932 3064 2148 3133 siquid
2183 3065 2308 3132 spei
2340 3063 2398 3116 in

1556 3143 1722 3197 nobis
1771 3150 1872 3209 est,
1919 3145 1968 3197 si
2007 3142 2148 3212 quid
2187 3141 2399 3210 gratiae,
2442 3166 2445 3211 ,-
2540 3196 2548 3206 ,

1559 3222 1606 3275 si
1642 3222 1779 3291 quid
1817 3221 2044 3288 salutis,
2089 3221 2164 3275 ab
2200 3235 2268 3275 ea
2304 3235 2401 3274 no-

1558 3301 1811 3356 verimus
1861 3300 2187 3355 redundere
2202 3339 2215 3366 ‚
2272 3313 2402 3368 quse

666 3376 951 3448 funditur,
1013 3381 1115 3435 sed
1170 3394 1288 3433 non
1342 3380 1505 3448 perit.
1558 3378 1814 3434 ascendit
1868 3378 2084 3433 deliciis
2138 3376 2401 3431 effluens.

663 3455 974 3523 Propterea
993 3456 1273 3526 siquidem
1292 3463 1350 3512 et
1368 3458 1505 3511 ado·
1559 3457 1778 3511 Hortus
1830 3457 1998 3526 plane
2052 3455 2404 3524 divitiarum,
