2646 3976
837 586 990 635 Festa
1011 588 1200 638 Martii.
1234 591 1353 652 (13.)

223 709 415 777 fidem,
461 714 519 764 et
565 707 923 777 disciplinam
967 707 1071 763 Ec-

223 788 410 843 clesiae
445 785 808 841 sanciendam
855 792 977 840 tum
1010 788 1070 840 in

223 866 422 923 eodem
446 853 703 932 concffi0,
722 872 842 919 tum
860 864 920 919 in
941 864 1069 931 ali0‚

223 943 378 1014 quod
422 944 622 1013 postea
659 942 886 1012 Hispali
930 943 1096 998 cele-

1872 585 1969 633 29*

1123 709 1270 765 Nam
1295 708 1559 763 doctrina
1585 707 1706 761 sine
1734 707 1855 762 vita
1879 722 1966 761 ar·

1122 787 1415 856 rogantem
1445 785 1656 840 reddit·
1695 786 1815 840 vita
1844 786 1966 842 sine

1123 864 1385 921 doctrina
1402 865 1656 920 inutilem
1681 864 1832 919 facit.
1867 863 1967 920 Sa-

1121 944 1370 998 cei-dotis
1415 942 1747 1013 praedicatio
1783 942 1965 1011 operi·

222 1022 427 1089 bravia
454 1021 854 1076 constituenda
880 1021 1068 1091 dispo·
1093 1007 1229 1077 bus
1255 1021 1647 1076 confirmanda
1677 1028 1779 1089 est,
1806 1021 1886 1075 ita
1902 1027 1968 1075 ut

221 1101 349 1155 suit.
386 1100 635 1154 Demum
673 1098 944 1167 religione
981 1115 1065 1157 re·
1122 1101 1276 1168 quod
1305 1102 1473 1155 docet
1501 1100 1694 1168 verbo,
1723 1100 1967 1154 instruat

217 1179 445 1246 stituta,
498 1183 556 1233 et
607 1177 876 1233 Ecclesiae
927 1193 1068 1248 pace
1120 1177 1397 1248 exemplo.
1435 1178 1586 1234 Vera
1615 1185 1703 1234 est
1739 1177 1834 1231 illa
1868 1179 1967 1233 do-

215 1258 470 1325 firmata‚
532 1256 643 1325 jam
705 1270 774 1311 oc
835 1256 1066 1325 genario
1120 1257 1321 1325 ctrina,
1340 1272 1511 1326 quam
1531 1256 1763 1311 vivendi
1780 1257 1965 1326 sequi-

214 1336 415 1406 major‚
442 1350 574 1389 cum
595 1262 918 1486 ane&
930 1349 1065 1403 qua·
1120 1345 1215 1390 tur
1240 1336 1443 1390 forma.
1490 1337 1638 1394 Nam
1672 1334 1813 1389 nihil
1848 1337 1965 1391 tur·

214 1413 479 1482 draginta
523 1419 579 1466 et
606 1405 836 1482 amplits
921 1428 1067 1467 nnos
1119 1414 1249 1483 pius
1284 1421 1401 1481 est,
1437 1429 1610 1484 quam
1647 1413 1697 1467 si
1736 1414 1966 1482 bonum,

136 1488 146 1497 ’
212 1494 465 1548 rexisset
491 1490 811 1546 admirabili
838 1492 972 1547 vitae
1001 1506 1068 1545 ac
1120 1493 1279 1562 quod
1291 1493 1536 1562 quisque
1551 1497 1813 1550 sermone
1825 1495 1967 1564 prae

210 1570 534 1627 sanctitatis
559 1570 837 1639 exemp10‚
864 1572 1064 1639 migra·
1119 1571 1286 1639 dicat,
1322 1570 1553 1640 explere
1589 1573 1761 1642 opere
1794 1571 1965 1640 negli

211 1651 302 1704 vit
328 1649 401 1704 ad
429 1650 758 1705 Dominum.
794 1649 1063 1720 Sepultus
1117 1658 1228 1718 gat.

1332 1651 1497 1705 Tunc
1547 1652 1698 1706 enim
1754 1651 1966 1706 utiliter

215 1727 330 1785 fuit
368 1728 425 1782 in
458 1727 702 1783 basilica
737 1729 1063 1782 sanctarum
1118 1728 1450 1798 praedicatio
1462 1730 1772 1797 profertur,
1785 1742 1962 1798 quan·

212 1807 501 1876 virginum
539 1807 577 1862 J
581 1815 748 1875 ustae,
788 1815 846 1862 et
880 1806 1064 1860 Ruffi·
1119 1807 1194 1861 do
1246 1806 1557 1861 efficaciter
1609 1807 1964 1875 adimpletur.

214 1901 331 1941 nae:
347 1885 546 1955 postea
556 1885 676 1954 ejus
688 1885 963 1954 corpusin
975 1884 1066 1937 Hi·
1118 1884 1528 1953 Unusquisque
1546 1883 1768 1950 doctor,
1794 1889 1850 1937 et
1869 1884 1965 1937 bo·

216 1964 866 2034 spalensemEcclesiam
886 1971 1064 2019 trans·
1117 1979 1208 2020 nae
1243 1961 1497 2031 actionis,
1532 1968 1588 2017 et
1617 1963 1784 2017 bonae
1819 1976 1967 2033 prae-·

218 2043 397 2096 latum
427 2048 529 2097 est.
593 2047 664 2116 R.
706 2041 823 2097 Iste
849 2049 952 2098 est.

367 2138 438 2190 In
470 2139 573 2193 111.
606 2139 655 2191 N
658 2141 920 2194 octurno.

221 2216 424 2273 Lectio
450 2217 632 2271 sancti
658 2215 952 2285 Evangelii
983 2229 1067 2269 se·

326 2296 578 2350 cundum
607 2294 958 2349 Matthaeum.

263 2372 456 2428 Lectio
487 2374 579 2428 vii.
831 2373 966 2445 Cap.
983 2374 1031 2429 5.

226 2471 316 2593 In
341 2459 438 2514 illo
467 2460 724 2527 tempore
788 2458 947 2513 Dixit
973 2457 1066 2512 Je-

314 2554 412 2592 sus
440 2536 736 2605 discipulis
763 2536 906 2591 suis:
945 2536 1067 2592 Vos

214 2617 356 2674 estis
382 2617 471 2671 sal
499 2623 684 2669 terrae.
713 2615 879 2682 Quod
907 2614 958 2669 si
983 2613 1068 2673 sal

215 2694 536 2761 evanuerit,
566 2693 625 2747 in
653 2708 769 2762 quo
794 2693 1067 2747 salietur?

215 2774 316 2833 Ad
332 2772 579 2828 nihilum
601 2771 750 2825 valet
767 2771 933 2839 ultra,
960 2770 1065 2823 nisi

216 2858 284 2913 ut
317 2850 582 2907 mittatur
619 2849 800 2917 foras,
848 2857 905 2904 et
938 2864 1069 2905 con·

217 2931 476 2987 culcetur
503 2929 578 2985 ab
602 2929 947 2983 hominibus.
995 2927 1069 2982 Et

219 3008 466 3078 reliqua.

229 3103 480 3161 Humilia
506 3102 687 3158 sancti
711 3101 916 3157 Isidori
939 3101 1071 3170 Epi-

360 3181 523 3252 scopi
553 3180 927 3249 Hispalensis.

275 3270 355 3320 Ex
377 3268 469 3318 lib.
485 3266 537 3319 3.
561 3268 700 3317 Sent.
722 3279 765 3315 c.
787 3267 849 3314 36
871 3274 920 3315 et
942 3268 1018 3316 42.

249 3366 299 3398 ρ,
338 3368 386 3407 .»κζ
412 3353 510 3392 am
528 3336 792 3391 doctrina
804 3335 1069 3405 quamvi-

244 3391 298 3490 ι’,
340 3420 359 3484 Ϊ,
435 3424 498 3471 ta
535 3416 754 3471 clarere
791 3415 960 3470 debet
985 3429 1071 3469 ec·

342 3500 351 3508 “
440 3493 790 3557 clesiastieus
855 3493 1072 3548 doctor.

1120 2041 1418 2097 dicationis
1435 2042 1647 2096 habere
1666 2042 1834 2096 debet
1852 2043 1965 2096 stii-

1120 2122 1301 2178 dium:
1331 2135 1464 2175 nam
1484 2121 1723 2176 alterum
1745 2121 1866 2175 sine
1884 2121 1966 2175 al,-

1120 2208 1243 2256 tero
1276 2214 1396 2255 non
1441 2200 1577 2255 facit
1622 2200 1965 2269 perfectumz

1120 2280 1221 2334 sed
1258 2279 1548 2348 praecedat
1594 2280 1779 2349 justus
1822 2280 1967 2333 bene

1121 2359 1304 2426 agere,
1348 2363 1412 2411 ut
1449 2358 1753 2426 sequenter
1786 2356 1967 2425 possit

1121 2437 1266 2489 bene
1294 2435 1516 2489 docere.
1633 2447 1638 2452 ·

1193 2526 1261 2591 R.
1286 2520 1520 2576 Amavit
1549 2534 1694 2572 eum.‘

1379 2620 1574 2675 Lectio
1602 2620 1714 2673 viii.

1219 2704 1366 2758 mnis
1390 2702 1544 2757 utilis
1568 2702 1767 2756 doctor
1792 2701 1966 2771 plebi·

1237 2785 1345 2837 bus
1364 2781 1630 2850 subjectis
1648 2780 1729 2836 ita
1744 2796 1806 2835 se
1823 2796 1966 2850 prae·

1123 2863 1276 2916 stare
1295 2862 1480 2929 debet,
1508 2868 1681 2930 atque
1706 2860 1967 2914 insistere

1123 2941 1411 3008 doctrinae,
1448 2947 1509 2994 ut
1544 2946 1758 3009 quanto
1792 2939 1967 2994 claret

1122 3020 1300 3073 verbo
1315 3059 1329 3086 ,
1384 3025 1541 3073 tanto
1590 3018 1865 3072 clarescat
1911 3022 1967 3070 et

1123 3096 1342 3152 merito.
1372 3096 1516 3151 Nam
1543 3096 1699 3164 quod
1724 3096 1969 3164 Aposto-

1121 3176 1212 3231 lus
1225 3174 1528 3229 Timotheo
1547 3173 1818 3242 praecipit,
1836 3185 1967 3225 cum

1123 3254 1277 3309 omni
1313 3251 1553 3322 imperio
1589 3250 1818 3317 docere,
1853 3263 1968 3303 non

1122 3332 1391 3386 hortatur
1430 3329 1501 3383 ad
1548 3328 1828 3382 tumorem
1875 3342 1967 3380 su-

1124 3411 1357 3481 perbiae,
1375 3407 1477 3462 sed
1489 3407 1560 3460 ad
1576 3408 1784 3462 bonam
1799 3405 1968 3460 actio·

1125 3504 1271 3557 nem,
1308 3495 1365 3543 et
1391 3488 1524 3541 vitae
1549 3486 1968 3543 auctoritatem:
