2646 3976
178 806 324 845 mur.
357 792 474 846 Per
499 793 764 846 eumdem
786 794 959 848 Dflm.

243 878 433 926 Postea
478 879 535 925 fit
572 892 836 927 commem.
879 880 1031 928 Dom.

182 962 382 996 occurr.

247 1026 334 1074 Ad
365 1027 621 1089 Complet.
663 1036 712 1076 et
744 1029 809 1076 ad
845 1030 1030 1092 Horae,

180 1096 240 1143 in
263 1096 365 1142 fine
388 1096 583 1159 Hymn.
608 1097 815 1147 dicitur:

255 1174 409 1240 Jesu,
436 1173 541 1227 tibi
569 1173 646 1227 sit
670 1174 866 1243 gldria,

175 1250 290 1318 Qui
319 1258 491 1305 natus
519 1268 580 1306 es
607 1251 681 1306 de
708 1253 957 1323 Virgine.

320 1363 437 1421 Ad
462 1363 888 1423 Matutinum.

254 1456 426 1508 Iuvit.
468 1453 718 1520 fflriam,
749 1454 1029 1522 refugium

176 1531 564 1599 peecatorum,
579 1531 930 1588 confidenter
940 1535 1029 1588 ad-

178 1609 401 1663 cdmnn.
426 1611 463 1646 *ἓ
494 1608 784 1664 Christum
812 1613 931 1680 ejus
958 1612 1026 1666 fi-

174 1687 321 1741 lium
356 1687 664 1744 adoremus
696 1690 1025 1746 Dominum.

256 1774 351 1826 Ps.
392 1775 605 1843 Venite,
633 1778 995 1841 exsultemus·

468 1881 747 1950 Hymnus.

187 1967 267 2092 O
303 1965 612 2036 singularis
639 1966 867 2036 femina,

300 2044 479 2113 Virgo
489 2052 545 2099 et
554 2046 721 2099 simul
730 2048 1024 2117 puerpera,

175 2121 467 2177 Praecldra
496 2124 628 2177 vitae
656 2125 840 2193 janua,

178 2202 307 2269 Qua
321 2201 451 2255 coeli
464 2202 538 2255 ad
547 2203 735 2257 aulam
745 2206 1022 2274 pergitur!

256 2287 430 2342 Nobis
457 2294 619 2343 tuum
653 2290 744 2345 fac
772 2291 954 2346 filium

172 2366 287 2420 Pia
319 2367 617 2436 benignum
643 2369 852 2438 gratim

172 2446 361 2514 Quem
379 2453 568 2500 mente
591 2462 772 2515 prava
789 2449 1022 2503 offendi-

175 2601 265 2655 Tu
296 2539 515 2656 reddem
510 2540 703 2657 1¹111⁸item
739 2570 1018 2660 flentibuS.

249 2695 340 2747 Tu
367 2690 544 2743 corda
582 2698 781 2745 nostra
804 2692 1022 2762 prdlue‚

176 2768 269 2822 Tu
298 2767 488 2823 vincla
512 2769 672 2823 solve
696 2770 1020 2825 criminum:

172 2846 268 2900 Tu
293 2860 402 2899 nos
429 2845 608 2900 futuri
633 2848 671 2903 J
674 2848 857 2903 udicis

170 2924 441 2979 Clemens
468 2925 542 2980 ab
569 2925 655 2979 ira
678 2926 924 2995 protege.

248 3014 339 3067 Da
364 3027 466 3067 cor
491 3012 741 3067 tenebris
769 3013 926 3081 eripi,

174 3090 268 3143 Da
294 3090 424 3144 lucc
449 3105 592 3146 vera
614 3092 850 3159 perfrui,

172 3168 299 3235 Qua
325 3170 575 3224 obscura
600 3169 734 3223 vitae
763 3169 1020 3238 pristinae

172 3246 351 3302 Novis
376 3249 657 3303 nitescant
683 3248 921 3303 actibus,

248 3335 539 3405 Expende,
567 3334 765 3402 Mater,
797 3335 911 3389 Cor
937 3350 1021 3389 sa·

447 3429 631 3481 crum,

171 3492 311 3548 Tuis
337 3495 588 3563 benigna
611 3492 899 3561 purvulisu

690 596 962 647 Dominica
983 597 1081 648 III.
1102 609 1218 663 post
1240 601 1427 665 Epiph.

176 713 463 766 dondrum
514 713 774 768 obtinere
820 717 1032 770 mered·
1083 717 1131 772 Ο
1159 717 1326 786 plena
1352 721 1563 776 Christi
1587 725 1786 792 gratia,

1832 605 1929 654 35*

1084 795 1262 851 Natos
1287 800 1476 867 perire
1501 817 1574 855 ne
1602 802 1770 858 sinas,

1160 911 1347 978 Marta,
1376 912 1559 968 Mater
1583 917 1796 986 gratiae,

1081 989 1280 1043 Dulcis
1305 990 1522 1046 Parens
1549 994 1878 1067 clementiae,

1082 1067 1174 1120 Tu
1199 1083 1306 1122 nos
1335 1070 1409 1123 ab
1433 1070 1598 1125 hoste
1623 1075 1871 1142 pr6tege,

1080 1145 1155 1200 Et
1181 1147 1383 1201 mortis
1410 1148 1551 1202 hora
1576 1152 1815 1221 suscipe.

1156 1257 1301 1326 Jesu,
1331 1259 1432 1313 tibi
1461 1261 1533 1316 sit
1558 1263 1753 1333 gldria,

1079 1334 1191 1401 Qui
1215 1342 1385 1390 natus
1412 1354 1472 1392 es
1500 1340 1571 1394 de
1598 1341 1843 1412 Vix-gine,

1079 1414 1222 1468 Cum
1241 1413 1413 1471 Patre
1439 1424 1495 1472 et
1518 1419 1669 1473 almo
1689 1419 1919 1491 Spiritu,

1079 1492 1147 1545 In
1175 1494 1517 1562 sempiterna
1545 1499 1767 1553 saecula.

1360 1575 1560 1630 Amen.

1250 1744 1317 1793 In
1351 1744 1394 1794 Ι.
1428 1745 1476 1795 N
1480 1747 1747 1798 coturno,

1151 1844 1282 1898 Ant.
1323 1847 1432 1899 Gor
1458 1842 1654 1895 Man'ae
1688 1844 1747 1896 in
1786 1846 1919 1900 affe-

1076 1923 1231 1971 ctum
1274 1919 1681 1988 compassidnis
1727 1929 1783 1975 et
1825 1924 1918 1978 ve-

1075 1996 1186 2049 m'ae
1215 1997 1457 2066 transiit,
1492 2001 1723 2068 quando
1755 2002 1917 2057 mise-

1074 2074 1255 2130 ricors
1283 2077 1442 2130 Deus
1469 2077 1527 2131 in
1558 2094 1625 2133 ea
1651 2082 1917 2150 corporei-

1074 2152 1206 2208 liter
1233 2156 1530 2224 requievit.

1138 2264 1331 2311 Psalmi
1365 2264 1406 2313 Ι.
1429 2275 1476 2312 et
1499 2263 1570 2313 ΙΙ.
1594 2265 1742 2315 Noct.
1774 2275 1828 2315 ut
1859 2269 1914 2316 in

1078 2333 1245 2382 Festis
1269 2333 1330 2381 B.
1353 2334 1421 2380 M.
1448 2334 1510 2382 V.

1148 2433 1279 2486 Ant.
1329 2428 1440 2482 Cor
1476 2425 1671 2479 Mariae
1705 2425 1917 2480 miseri-

1074 2502 1267 2557 cdrdia
1292 2502 1574 2571 repletum
1605 2509 1706 2569 est,
1743 2518 1915 2570 quan-

1075 2580 1167 2648 do,
1214 2582 1356 2636 Jesu
1391 2579 1548 2633 cruci
1583 2580 1756 2635 affixo
1791 2580 1916 2650 ipsa

1074 2660 1307 2729 pr6pius
1355 2666 1512 2714 stans
1525 2699 1539 2727 ‚
1591 2660 1917 2728 peccatores

1072 2737 1129 2791 in
1157 2738 1311 2792 fssios
1339 2739 1651 2807 adoptavit.

1152 2845 1283 2899 Ant.
1313 2843 1442 2897 Ideo
1468 2843 1538 2896 de
1568 2844 1779 2898 saeculo
1801 2843 1916 2898 Ma-

1073 2920 1162 2973 ria
1197 2921 1475 2975 translata
1512 2929 1615 2990 est,
1663 2928 1728 2976 ut
1763 2922 1916 2991 apud

1074 2998 1262 3051 Deum
1288 3014 1395 3068 pro
1413 2999 1579 3053 nobis
1599 2999 1915 3054 fiducialius

1073 3076 1402 3132 intercedat.

1144 3178 1212 3249 W.
1234 3179 1413 3233 Plena
1431 3195 1494 3233 es
1511 3180 1777 3234 uncti6ne
1802 3180 1915 3248 pie·

1071 3257 1206 3312 tatis
1224 3263 1281 3311 et
1296 3256 1719 3324 misericdrdiae,
1741 3257 1916 3325 Virgo

1071 3337 1268 3391 Maria.
1329 3324 1396 3408 R.
1461 3336 1598 3389 Ideo
1647 3336 1810 3390 unxit
1859 3344 1915 3392 te

1072 3416 1231 3470 Deus
1270 3420 1334 3468 ut
1365 3413 1687 3468 miserearis
1723 3430 1915 3483 pecca·

1069 3494 1308 3549 mribus,

1621 3630 1704 3685 342·
