2646 3976
770 590 919 638 Festa
944 592 1269 642 Novembris.
1300 595 1390 656 (5.)

205 725 397 773 ortum
432 719 647 774 habuit.
693 722 788 777 Ab
823 722 1053 778 ineunte

206 798 405 865 etate,
458 798 605 853 miro
652 815 875 854 morum
925 815 1051 855 ean-

204 874 373 943 dore,
422 875 631 930 futurae
668 877 889 932 eximiae
927 894 1051 934 san·

206 953 420 1007 etitatis
431 952 645 1009 indIeia
655 957 917 1024 praebuit.
931 957 1053 1011 Vir-

1853 591 1950 640 69*

1103 722 1400 777 militatem
1419 723 1565 777 adeo
1580 721 1866 790 diligebat,
1883 729 1949 777 ut

1103 800 1325 868 viliora,
1364 807 1421 854 et
1456 799 1765 868 abjectiora
1800 816 1949 869 quae-

1102 893 1215 946 que
1240 878 1483 933 eoenebii
1507 878 1693 933 officia
1723 893 1950 947 semper

1102 956 1161 1011 in
1207 956 1421 1012 deli0iis
1463 956 1726 1011 habuerit
1770 958 1948 1025 obire,

206 1031 358 1085 trites
394 1033 541 1086 enim
580 1034 902 1099 modestiae,
950 1035 1051 1089 hu-
1102 1036 1458 1104 peccatorem
1518 1035 1831 1090 maximum
1884 1050 1948 1089 se

203 1110 489 1177 militatis,
542 1127 609 1165 ae
654 1111 713 1165 in
767 1114 1052 1181 peuperes
1102 1113 1408 1182 appellari,
1476 1112 1638 1167 flexis
1707 1113 1946 1181 genibus

204 1187 582 1256 liberalitatis,
609 1185 911 1259 pueritiam
932 1191 1051 1259 ejus
1102 1192 1278 1260 pedes
1342 1192 1540 1245 eorum
1612 1190 1948 1258 deosculari,

204 1265 472 1320 omnibus
507 1267 899 1323 admirabilem
926 1268 1051 1322 red·
1104 1269 1201 1338 qui
1220 1268 1542 1323 maledictis
1554 1284 1686 1326 eum
1707 1269 1949 1323 onerare

200 1343 491 1399 diderunt.
525 1345 877 1402 Adolescens
897 1362 1051 1415 vem,
1104 1347 1407 1403 audebant.

204 1418 412 1491 jugiter
434 1439 570 1480 =<zum
600 1441 669 1480 eo
699 1442 832 1495 erga
862 1425 1050 1496 proxi-

203 1514 356 1569 m08,
414 1503 734 1571 praesertim
791 1505 1074 1598 aegrotos}

207 1583 462 1639 adolevit
486 1585 872 1640 comiseratio:
900 1585 1074 1656 ideo-3

204 1681 317 1734 que
352 1667 467 1721 arti
510 1668 839 1736 chirurgicae
886 1684 1053 1722 omne

205 1748 484 1818 impendit
523 1749 794 1816 studium,
830 1756 895 1803 ut
930 1751 1053 1803 abs·

206 1846 316 1899 que
341 1830 464 1884 ullo
491 1832 875 1886 emolumento
904 1832 1048 1885 sani-

1173 1434 1239 1500 R.
1270 1435 1591 1489 Honestum
1623 1434 1771 1490 fecit.

1384 1528 1578 1582 Lectio
1610 1545 1659 1582 v.

1194 1617 1417 1670 uamvis
1436 1619 1509 1671 ab
1528 1616 1841 1686 spontanea
1854 1616 1949 1670 vel
2021 1657 2024 1664 Α

1221 1694 1337 1748 levi
1372 1694 1575 1747 animae
1612 1694 1833 1748 macula
1871 1709 1954 1748 re·

1105 1773 1311 1838 mewa,
1339 1786 1652 1841 numquam
1679 1771 1848 1825 desiit
1865 1786 1951 1825 as-

1104 1849 1284 1903 siduis
1303 1849 1523 1917 jejuniis
1540 1864 1767 1904 carnem
1786 1863 1950 1903 suam

205 1913 375 1967 tfitem
412 1914 753 1981 impertiret,
805 1915 961 1983 (1¹¹0d
999 1915 1075 1993 011
1104 1927 1447 1995 excruciare,
1458 1927 1651 1981 ciliciis
1665 1933 1721 1980 et
1734 1926 1951 1981 eatenis

208 1996 525 2066 saepissime
556 2012 664 2066 pro
692 2004 826 2053 voto
861 1996 1075 2054 cessit*

208 2079 429 2135 Garitas
469 2080 579 2134 Dei
616 2087 681 2134 ut
718 2081 897 2150 magis
936 2097 1051 2137 ma·

205 2162 400 2231 gisque
427 2162 488 2215 in
514 2163 688 2245 eorde
712 2179 816 2217 suo
845 2164 1050 2218 diffun-

206 2240 463 2308 deretur,
526 2242 724 2296 mundi
785 2242 1050 2306 honores,

207 2325 263 2372 et
282 2319 696 2374 oblectamenta
717 2321 1049 2387 abhorrens,
1072 2328 1076 2397 ᾗ

206 2398 461 2466 paternae
543 2398 748 2452 domus
820 2399 1075 2463 oblituss

207 2474 466 2530 Tertium
495 2476 674 2529 sancti
700 2476 1050 2531 Patriarchae

206 2553 493 2608 Dominiei
537 2555 793 2609 ordinem
840 2555 1050 2624 ample-

204 2632 297 2701 cti,
315 2648 382 2688 ae
399 2634 551 2687 inter
561 2632 736 2688 laicos
755 2634 1049 2703 operarios

204 2711 489 2766 recenseri
525 2711 688 2766 enixe
724 2712 1049 2781 postulavit,

206 2789 362 2856 quod
381 2790 432 2843 ei
452 2804 522 2843 ex
540 2790 819 2844 sententia
837 2790 1052 2859 pariter

209 2867 495 2922 suecessit.
568 2868 852 2922 Absoluto
900 2875 1051 2938 tyro-

208 2944 374 3013 cinio,
409 2961 633 3000 summa
664 2947 918 3000 omnium
954 2946 1051 3000 ad·

208 3022 528 3091 miratione,
582 3039 649 3079 ae
701 3023 1051 3078 solemnibus

208 3101 357 3155 votis
370 3103 728 3172 nuncupem,
749 3103 879 3171 quis
892 3117 1051 3157 enar·

209 3179 338 3234 rare
355 3180 565 3248 poterit
582 3196 698 3250 quo
718 3181 923 3249 studio,
936 3196 1049 3250 qua

1104 2007 1305 2061 ferreis
1353 2007 1479 2061 diro
1527 2006 1698 2060 modo
1752 2020 1952 2059 eruen-

1102 2086 1249 2152 tare,
1298 2092 1362 2139 ut
1408 2084 1722 2139 rectIssime
1773 2083 1952 2138 asseri

1101 2163 1283 2232 possit
1293 2162 1448 2232 quod
1458 2162 1950 2217 mortificationem

1102 2242 1139 2296 J
1143 2257 1244 2296 esu
1293 2243 1353 2295 in
1401 2257 1507 2297 suo
1561 2243 1800 2311 corpore
1847 2241 1949 2295 cir·

1102 2320 1428 2374 eumferret.
1489 2321 1676 2374 Tanto
1713 2320 1772 2373 in
1809 2319 1950 2373 divi·

1103 2414 1240 2452 num
1259 2399 1525 2452 humenae
1545 2398 1747 2452 salutis
1766 2396 1951 2465 Repa-

1104 2476 1354 2530 ratorem
1400 2476 1682 2530 aestuabat
1737 2475 1948 2537 amore,

1102 2560 1165 2609 ut
1191 2553 1500 2622 aliqudndo
1523 2554 1680 2607 visus
1714 2553 1788 2607 sit
1815 2558 1946 2606 ante

1103 2632 1405 2701 imaginem
1461 2633 1603 2688 Jesu
1654 2630 1865 2686 Christi
1917 2646 1950 2685 e

1103 2727 1273 2767 cruce
1329 2711 1628 2781 pendentis
1682 2709 1949 2779 precibus

1103 2791 1382 2858 intentuS‚
1429 2789 1689 2844 sublatus
1725 2804 1759 2844 a
1795 2795 1949 2843 terra

1103 2870 1177 2924 ad
1204 2885 1335 2923 eum
1373 2869 1618 2935 evolare,
1655 2873 1948 2936 tamquam

1103 2950 1269 3019 plaga
1331 2947 1524 3001 lateris
1578 2939 1700 3015 ejus
1761 2946 1948 3001 adhue

1104 3026 1435 3094 sanguinem
1461 3027 1810 3092 scaturisset,
1850 3024 1947 3079 ad·

1104 3105 1275 3159 motis
1298 3103 1467 3158 labiis
1494 3118 1618 3158 eam
1646 3104 1863 3170 sugere,
1890 3108 1949 3157 et

1104 3183 1348 3237 mdxima
1421 3182 1693 3236 aviditate
1753 3181 1948 3236 satiari

211 3257 439 3312 solertia
501 3259 828 3328 omnigenas
843 3300 856 3327 ‚
918 3275 1050 3328 quae
1102 3261 1397 3316 volu1sset.
1428 3259 1523 3315 Nil
1548 3260 1718 3327 igitur
1741 3260 1947 3314 mirum

210 3334 528 3403 religiosum
567 3339 884 3408 perfectum
922 3353 1050 3392 con-
1103 3339 1151 3394 si
1198 3354 1269 3393 ex
1316 3339 1426 3393 hoc
1479 3338 1712 3407 perenni
1763 3338 1946 3394 divini

213 3411 469 3483 affluunt,
496 3416 737 3473 virtutes
764 3418 967 3478 celere,
997 3423 1052 3471 et
1102 3418 1314 3472 amoris
1388 3419 1546 3474 fonte
1616 3414 1947 3486 inebriatus,

210 3490 478 3561 prosequi
503 3495 894 3551 contenderit?
931 3496 1067 3559 Eum
1101 3495 1330 3551 nonnisi
1374 3496 1446 3551 de
1490 3496 1820 3551 coelestibus
1867 3496 1946 3549 lo·
