2646 3976
165 549 495 637 “exemplo
556 554 1072 637 demonstrato,
1131 543 1246 619 dez

168 638 481 720 cepteres

86 805 89 806 ⁷
166 720 389 789 furem
482 726 913 792 mactantem
1009 732 1082 792 et
1143 747 1247 791 ra-

163 807 477 891 pientem
568 832 754 888 oves
857 821 930 878 et
988 833 1247 878 meroe-

163 893 441 962 nerium
497 896 1061 982 permittentem,
1131 918 1247 964 ne-

165 998 299 1085 que
417 983 930 1051 defendentem
1049 1005 1250 1052 com—

162 1084 429 1135 mlssas

457 1200 708 1266 Lecti-0
787 1200 941 1268 viii.

163 1328 438 1523 QUod
501 1356 857 1441 superieri
925 1357 1250 1442 tempore

210 1511 211 1514 ,
272 1440 606 1509 Ezechiel
662 1443 778 1508 his
846 1443 1083 1510 verbis
1144 1444 1247 1508 in-

157 1526 474 1623 sectatus
535 1538 667 1595 est:
765 1530 920 1597 Vae
1009 1529 1246 1614 paste-

155 1610 352 1679 ribus
398 1615 584 1682 israe
605 1616 653 1681 l:
720 1636 957 1682 nonne
1006 1615 1247 1700 pasce-

153 1696 326 1764 bant
448 1701 903 1787 semetipsos!
1011 1722 1250 1767 nonne

148 1801 398 1870 greges
451 1786 852 1871 pascuntur
912 1808 953 1854 a
1008 1786 1246 1873 paste-

152 1869 382 1939 ribus?
435 1874 566 1939 sed
619 1874 744 1940 ille
804 1873 1249 1940 contrarium

151 1954 539 2043 faciebant,
611 1960 811 2046 quod
887 1959 1250 2027 maximae

150 2044 479 2141 malitiae
509 2067 740 2132 genus
787 2054 914 2129 est,
986 2053 1059 2113 et
1090 2047 1249 2132 plu-

150 2130 500 2226 rimerum
564 2133 783 2199 censa
866 2132 1249 2215 nialerum3

148 2215 443 2302 1dcir00‚
487 2219 732 2305 inquit
784 2239 1021 2304 neque
1053 2219 1253 2305 quod

148 2302 514 2370 abiectum
552 2312 725 2389 erat,
780 2305 1243 2389 reducebant,

146 2406 384 2474 neque
442 2392 644 2476 quod
691 2391 1004 2477 perierat
1035 2411 1248 2477 quae-

146 2475 428 2542 rebant:
497 2496 736 2562 neque
797 2476 1250 2544 confreotum

145 2559 576 2648 alligabant:
616 2584 850 2650 neque
881 2563 1250 2630 infirmum

147 2648 733 2716 consolidabant:
906 2649 1251 2736 queniam

144 2753 238 2817 se,
297 2756 449 2801 non
481 2757 768 2822 gregem
826 2737 1241 2822 pascebant.

142 2818 352 2887 Idem
410 2828 484 2888 et
545 2822 825 2889 Paulus
877 2823 1042 2890 aliis
1101 2844 1250 2890 ver-

143 2905 258 2972 bis
291 2907 684 2994 significat:
752 2929 1000 2976 omnes
1062 2929 1249 2995 quae

142 3012 277 3060 sua
365 3000 545 3060 sunt
634 3002 1014 3080 quaerunt,
1106 3015 1250 3062 non

143 3097 337 3164 qnae
373 3080 542 3146 Iesu
571 3081 864 3148 Christi.

599 641 784 706 duos
888 639 1247 723 meminit3
1353 720 1361 727 ,

2262 352 2484 448 23”

1706 592 1956 663 Lectio
1982 600 2081 663 ἴα).

1467 747 1688 820 Erum
1781 756 1871 821 ab
1958 754 2268 839 utreque
2360 773 2434 817 se

1466 839 1820 907 dissidere
1853 839 2177 907 ostendit
2231 840 2430 907 Chri-

1341 934 1522 994 stus:
1588 928 1679 994 ab
1733 927 1883 993 illis
1945 926 2237 1013 quidem
2304 926 2433 1012 qui

1339 1014 1416 1079 in
1464 1013 1771 1080 alierum
1834 1012 2228 1097 perniciem
2318 1011 2431 1080 ve-

1341 1100 1573 1183 niunt,
1645 1119 1809 1165 oum
1871 1099 2067 1165 dicat
2137 1120 2213 1165 se
2277 1119 2431 1183 pro-

1339 1184 1591 1271 pterea
1666 1184 1967 1264 venisse,
2045 1192 2132 1250 ut
2208 1184 2431 1251 vitam

1340 1270 1714 1339 haberent:
1803 1272 1894 1338 ab
1968 1270 2085 1336 his
2141 1278 2425 1352 autem,

1341 1358 1471 1443 qui
1523 1378 1690 1424 oves
1751 1378 1795 1423 a
1855 1357 2051 1463 lupis
2104 1358 2264 1441 rapi
2317 1377 2432 1423 ne-

1337 1444 1737 1530 gligebant3
1794 1444 2106 1511 dicendo
2168 1464 2243 1509 se
2273 1463 2433 1528 pro-

1338 1537 1501 1616 pter
1560 1550 1679 1596 eas
1740 1529 2057 1596 enimam
2141 1528 2426 1615 penere,

1338 1637 1428 1682 ne
1461 1637 1629 1682 oves
1660 1615 2000 1699 perirent.
2043 1615 2235 1681 Nam
2269 1636 2434 1682 oum

1339 1701 1596 1768 Iuda-ei
1687 1701 1932 1786 ipsum
2023 1700 2434 1767 interimere

1339 1787 1627 1871 vellent,
1691 1808 1837 1854 non
1897 1786 2286 1873 propterea
2315 1787 2435 1854 de·

1341 1874 1534 1939 stitit
1622 1895 1665 1939 a
1753 1873 2102 1955 doctrina,
2197 1893 2435 1958 neque

1341 1960 1714 2028 credentes
1834 1959 2161 2042 tradidit,
2305 1959 2433 2026 sed

1341 2046 1687 2132 perstitit,
1758 2052 1831 2113 et
1888 2045 2198 2132 pertulit
2252 2067 2433 2112 mor·

1342 2141 1512 2200 tem:
1577 2133 1744 2200 ideo
1833 2131 2263 2219 frequentur
2330 2132 2433 2198 in·

1344 2220 1530 2306 quit:
1596 2220 1750 2306 Ego
1782 2240 1943 2287 sum
2005 2225 2257 2304 pastor
2316 2219 2437 2284 bo-

1343 2326 1500 2372 nus,
1572 2305 1773 2385 Quae
1834 2327 1999 2373 oum
2064 2306 2269 2371 nullo
2330 2306 2434 2370 ni-

1343 2392 1404 2458 ti
1507 2391 1926 2458 testimenio
2015 2389 2440 2458 viderentur

1343 2477 1572 2564 (quod
1633 2477 1823 2544 enim
1897 2477 2197 2562 peneret
2285 2477 2435 2543 eni-

1340 2584 1533 2630 mam
1566 2584 1771 2630 suam
1803 2584 1950 2630 non
2002 2564 2237 2629 multo
2269 2570 2438 2649 post

1341 2671 1417 2717 re
1448 2650 2024 2717 demonstratum
2068 2656 2202 2733 est-3
2238 2649 2437 2754 quod

1341 2742 1585 2803 autem
1704 2736 1929 2803 vitam
2086 2735 2438 2803 haberent

1342 2830 1415 2890 et
1503 2822 2000 2891 abundentius
2088 2822 2438 2890 haberent

1340 2908 1766 2977 eventfirum
1819 2917 1973 2976 erat·
2024 2909 2102 2974 in
2183 2908 2435 2977 futuro

1341 2996 1658 3081 saeculo)
1693 2995 2003 3063 alterum
2055 2997 2145 3062 ab
2207 2996 2436 3062 altero

1342 3082 1740 3149 confirmat.

416 3307 877 3375 Concordant
936 3331 1097 3376 oum
1157 3293 1637 3398 originalibus
1691 3332 1913 3397 penes
1966 3310 2431 3378 secretariam

326 3394 712 3460 Sacrorum
777 3394 1089 3462 Rituum
1151 3397 1755 3484 Congregationis
1788 3397 2295 3465 existentibus,

418 3479 505 3545 In
536 3480 754 3548 fidem
816 3486 948 3548 eto.

330 3565 451 3630 Ex
481 3566 732 3634 eadem
789 3568 1185 3635 secretaria
1216 3570 1352 3636 hao
1384 3570 1502 3637 die
1566 3575 1647 3636 18
1703 3569 2119 3637 Decembris
2153 3569 2339 3632 1882.

424 3651 616 3719 Loco
659 3652 746 3740 ›1-
793 3653 998 3741 Signi

593 3747 1097 3815 LAUREN'rms
1151 3749 1489 3815 SALVA'H
1554 3750 1618 3814 S.
1683 3749 1772 3814 R.
1857 3748 1931 3814 O.
1969 3744 2425 3812 Secretarius.

2363 3884 2445 3910 ‚ss
