2646 3976
721 557 991 606 Dominiea
1011 561 1104 610 IV.
1127 570 1244 623 post
1266 561 1477 611 Pascha.

1874 555 1970 606 55*

233 681 486 750 accipere
512 681 753 737 Mariam
778 682 1070 752 conjugem
1128 697 1233 753 per
1258 697 1458 737 omnes
1483 695 1665 738 annos
1689 681 1749 735 in
1767 680 1970 735 Hieru-

230 767 402 815 tuam.
473 757 696 828 Coniux
729 760 968 816 vocatur
1003 775 1073 816 ex
1128 761 1320 816 salem.
1348 760 1493 816 Item
1516 760 1688 830 paulo
1714 764 1869 829 postz
1896 759 1972 814 Et

233 837 415 907 prima
457 836 573 891 fide
620 837 1073 908 dispensatidniS,

233 931 402 986 quam
420 915 725 971 concubitu
748 931 854 971 nec
872 918 1073 986 cognd·

229 1000 405 1062 verat,
452 1008 560 1049 nec
599 992 788 1049 fuerat
821 996 1073 1065 cognitu-

229 1088 350 1128 rus:
386 1088 494 1127 nee
520 1072 765 1141 perierat
790 1088 896 1128 nec
920 1089 1073 1129 men-

230 1152 341 1207 dax
365 1152 655 1206 manserat
688 1151 942 1221 ednjugis
977 1168 1072 1224 ap·

227 1229 479 1301 pellitio.
501 1228 619 1286 Ubi
635 1244 740 1284 nee
759 1230 949 1285 fuerat
969 1245 1073 1287 nec

227 1309 424 1364 futura
443 1313 566 1362 erat
582 1306 698 1362 ulla
717 1307 905 1363 earnis
923 1324 1073 1364 com-

226 1387 447 1442 metiO.
522 1386 661 1440 Erat
712 1387 923 1456 quippe
974 1388 1074 1442 illa

227 1465 404 1533 Virgo
420 1504 433 1531 ,
470 1462 599 1518 ideo
635 1469 692 1517 et
727 1464 979 1521 sanctius
1015 1471 1072 1520 et

225 1540 543 1597 mirabilius
569 1541 818 1610 jucunda
844 1559 948 1598 suo
976 1543 1071 1598 Vi-

224 1636 308 1689 re,
345 1620 484 1689 quia
510 1619 679 1675 etiam
705 1618 975 1676 foecunda
1000 1621 1070 1676 si·

223 1716 296 1755 ne
318 1698 480 1766 Vir0,
515 1699 675 1768 prole
710 1699 921 1769 dispar,
956 1699 1071 1755 fide

224 1792 474 1847 compar.
484 1776 727 1846 Propter
735 1778 892 1847 quod
901 1777 1071 1833 fidele

226 1855 550 1925 eonjugium
577 1856 840 1925 parentes
860 1856 1071 1911 Christi

229 1933 423 1992 vocari
448 1934 617 1990 ambo
643 1935 987 2002 meruerunt,
1013 1940 1070 1991 et

222 2030 337 2069 non
377 2013 564 2068 solum
598 2013 697 2068 illa
730 2020 929 2082 mater,
977 2030 1070 2069 ve-

223 2108 354 2148 rum
399 2091 569 2147 etiam
605 2093 701 2147 ille
735 2100 898 2163 pater
931 2093 1071 2162 eine,

222 2172 370 2227 sicut
422 2171 628 2238 conjux
682 2172 881 2226 matris
932 2173 1070 2242 eiua,

220 2251 537 2319 utrumque
555 2259 743 2305 mente
755 2265 870 2303 non
883 2265 1069 2306 earne.

218 2326 357 2385 Sive
395 2334 585 2383 autem
621 2326 715 2382 ine
749 2335 912 2397 pater
946 2330 1070 2383 sola

218 2414 412 2463 mente
426 2448 439 2473 ,
486 2407 606 2461 sive
649 2406 746 2460 illa
789 2413 970 2462 mater
1014 2415 1071 2463 et

218 2500 412 2553 carne,
421 2484 686 2555 parentes
699 2490 888 2539 tamen
901 2487 1069 2541 ambo

220 2561 560 2619 humilitatis
596 2563 715 2631 ejus
750 2578 868 2617 non
899 2564 1069 2619 subli-

1127 838 1273 894 dixit
1307 846 1492 894 mater
1525 837 1647 907 ejus
1682 838 1757 892 ad
1793 836 1971 904 illum,

1127 916 1238 972 Fili
1264 917 1406 986 quid
1436 917 1622 972 fecisti
1655 916 1824 971 nobie
1850 915 1968 971 sie?

1127 996 1275 1050 Eece
1301 1002 1464 1064 pater
1503 1001 1637 1049 tuus
1660 1001 1718 1048 et
1743 1009 1846 1062 ego
1873 994 1971 1048 do·

1125 1074 1307 1129 lentes
1342 1074 1741 1143 quaerebamus
1774 1080 1848 1130 te.
1891 1073 1972 1127 At

1125 1151 1246 1219 ille,
1290 1159 1356 1206 nt
1400 1152 1726 1206 ostenderet
1759 1152 1971 1206 habere

1127 1244 1190 1284 se
1216 1235 1427 1298 praeter
1450 1229 1580 1284 illos
1606 1236 1843 1298 patrem,
1869 1230 1970 1299 qui

1127 1321 1259 1361 eum
1275 1306 1469 1376 genuit
1485 1313 1696 1377 praeter
1711 1315 1969 1377 matrem,

1125 1385 1422 1454 respdndit
1432 1386 1513 1440 eis
1527 1405 1541 1440 ε
1561 1385 1701 1457 quid
1712 1393 1798 1440 est
1811 1385 1973 1455 quod

1126 1479 1218 1519 me
1253 1463 1643 1532 quaerebatis?
1683 1464 1971 1520 nescieba-

1125 1543 1218 1612 tie‚
1246 1542 1380 1611 quia
1407 1542 1468 1596 in
1493 1543 1599 1610 his,
1632 1557 1765 1612 quoe
1791 1542 1971 1612 patris

1124 1622 1238 1676 mei
1263 1628 1414 1688 sunt,
1441 1622 1667 1691 oportet
1686 1636 1779 1678 me
1803 1621 1969 1676 esse?

1126 1701 1202 1755 Et
1253 1715 1486 1755 rursum
1531 1715 1604 1755 ne
1656 1701 1767 1754 hoe
1819 1699 1970 1754 dieto

1124 1778 1401 1852 Parentes
1418 1778 1546 1831 illos
1563 1779 1802 1846 negasse
1817 1784 1973 1846 puta-

1123 1858 1299 1925 retur,
1337 1856 1701 1924 Evangelista
1737 1856 1973 1910 securus

1126 1934 1401 2003 adiunxit,
1420 1941 1477 1990 et
1494 1933 1603 2004 ipsi
1622 1948 1737 1990 non
1753 1934 1971 1990 intelle-

1125 2016 1334 2071 xerunt
1353 2014 1611 2083 verbum,
1639 2014 1795 2083 quod
1818 2013 1970 2069 loeu-

1126 2100 1220 2150 tus
1246 2100 1334 2149 est
1370 2093 1445 2148 ad
1470 2093 1617 2162 illos,
1652 2100 1708 2149 et
1741 2094 1970 2149 deseen-

1126 2173 1209 2227 dit
1236 2187 1366 2227 eum
1407 2174 1489 2227 eis
1525 2180 1581 2228 et
1607 2172 1765 2229 venit
1789 2172 1971 2229 Niza-

1124 2252 1270 2319 reth,
1305 2260 1364 2307 et
1398 2259 1521 2307 erat
1550 2253 1814 2308 subditus
1841 2251 1973 2307 illis.

1126 2329 1349 2396 Quibus
1361 2331 1627 2385 subditus
1643 2330 1756 2384 nisi
1766 2330 1973 2384 Paren-

1124 2408 1316 2463 tibus?
1340 2408 1482 2474 Quis
1501 2413 1689 2462 autem
1708 2407 1972 2460 subditus

1124 2486 1233 2540 nisi
1295 2486 1336 2541 J
1337 2500 1469 2539 esus
1525 2484 1811 2550 christae,
1874 2485 1973 2552 qui

1126 2579 1255 2618 cum
1301 2563 1366 2617 ‘in
1413 2562 1598 2617 forma
1647 2561 1759 2615 Dei
1804 2567 1972 2628 esset,

220 2642 468 2697 mitatis:
488 2641 836 2697 infirmitatis
853 2658 970 2698 non
988 2642 1068 2697 di·
1124 2658 1241 2698 non
1267 2642 1528 2712 rapinam
1553 2640 1863 2696 arbitratus
1885 2646 1971 2696 est

110 2722 120 2735 ⁸
218 2719 493 2776 vinitdtie.

298 2826 373 2893 132.
392 2824 617 2880 Dedisti
645 2823 800 2881 mihi.

513 2962 706 3017 Lectio
735 2978 784 3013 v.

329 3081 479 3136 eque
498 3066 649 3120 enim
673 3064 944 3120 mentitur
960 3064 1070 3118 Ev-

368 3145 671 3213 angelium‚
708 3144 808 3198 ubi
841 3142 1069 3211 legitur:

1124 2738 1251 2778 esse
1278 2721 1515 2791 aequzilis
1542 2719 1707 2776 Deo?

1197 2831 1266 2898 Rz.
1291 2826 1516 2884 Statuet
1542 2826 1695 2881 fssios
1722 2839 1875 2881 suos·

1400 2965 1597 3020 Lectio
1625 2965 1699 3018 vi.

1220 3082 1292 3123 ur
1345 3081 1479 3134 ergo
1531 3067 1642 3122 iuis
1688 3065 1969 3131 subditae,

1239 3145 1340 3213 qui
1357 3144 1523 3212 longe
1548 3144 1701 3199 infra
1725 3144 1967 3197 formam

216 3226 295 3281 Et
322 3229 490 3280 erant
524 3228 692 3293 pater
724 3223 844 3291 ejus
873 3229 930 3276 et
954 3236 1069 3276 ma·
1125 3224 1235 3279 Dei
1260 3228 1441 3289 erant,
1475 3223 1584 3276 nisi
1610 3224 1746 3290 qnia
1771 3225 1968 3275 semet-

216 3311 309 3361 ter
327 3303 601 3359 mirantes
619 3316 793 3370 super
809 3301 917 3369 his,
940 3314 1070 3370 quae
1124 3303 1309 3372 ipsum
1367 3300 1681 3356 exinanivit
1723 3299 1968 3354 formam

218 3382 563 3438 dicebantur
588 3380 661 3434 de
695 3379 808 3435 ino.
854 3378 931 3435 Et
956 3377 1070 3433 alio
1125 3381 1276 3435 servi
1311 3378 1615 3449 accipiens,
1658 3377 1818 3447 cujus
1855 3376 1970 3431 for·

216 3460 376 3516 loeo:
395 3459 472 3515 Et
488 3460 648 3514 ibant
664 3458 934 3529 parentes
951 3456 1071 3524 eius
1125 3474 1236 3513 mae
1282 3459 1548 3528 parentes
1593 3455 1793 3512 erant?
1854 3455 1969 3513 Sed
