2646 3976
706 598 804 648 64*

1288 604 1445 652 Festa
1468 602 1727 652 Octobris,
1759 603 1872 663 (29.)

709 726 867 781 Deus
893 728 952 778 in
976 725 1117 779 coelo
1141 738 1387 788 sursum,
1414 730 1472 778 et
1495 724 1554 778 in
1610 722 1871 778 fervebat
1898 724 2244 780 Diocletiani
2270 741 2460 796 perse-

709 811 858 858 terra
886 803 1171 857 deorsum.
1226 801 1393 857 Nunc
1419 817 1554 871 ergo
1607 800 1779 869 cutio,
1827 801 1886 855 in
1922 803 2189 858 Rhetiam
2229 807 2461 873 provin·

705 882 888 951 jurate
918 880 1057 933 mihi
1090 895 1196 948 per
1223 880 1554 947 Dominum,
1607 880 1769 947 ciam,
1808 879 2006 935 divino
2048 882 2292 951 monitu,
2330 900 2456 937 cum

706 967 770 1014 ut
796 959 1086 1028 quomodo
1105 974 1211 1027 ego
1239 958 1553 1014 misericor·
1608 957 1797 1013 Felice
1862 958 2103 1014 diacono
2157 975 2267 1015 suo
2334 977 2460 1030 pro-

706 1039 858 1092 diam
896 1038 1005 1092 feci
1031 1038 1345 1105 vobiscum,
1382 1039 1462 1092 ita
1497 1043 1553 1092 et
1608 1036 1814 1106 fectus,
1852 1039 2168 1105 Augustam
2206 1039 2461 1095 Vindeli-

705 1132 811 1171 vos
839 1117 1060 1171 faciatis
1099 1133 1227 1172 cum
1259 1117 1432 1171 domo
1456 1132 1552 1186 pa·

706 1196 812 1251 tris
839 1196 968 1264 mei,
1007 1195 1267 1264 detisque
1295 1195 1434 1249 mihi
1459 1210 1552 1249 ve·

702 1289 833 1328 rum
854 1275 1091 1343 signum,
1117 1283 1180 1329 ut
1201 1274 1435 1329 salvetis
1456 1289 1552 1343 pa·

706 1359 851 1405 trem
869 1367 1057 1406 meum
1080 1361 1136 1407 et
1154 1360 1412 1419 matrem,
1442 1352 1552 1406 fra·

703 1437 820 1483 tres
846 1444 914 1483 ac
942 1430 1168 1484 sorores
1195 1445 1370 1497 meas,
1410 1437 1467 1484 et
1494 1431 1551 1484 ό·

705 1507 857 1560 mnia
892 1521 1022 1575 quae
1057 1507 1281 1560 illorum
1309 1514 1460 1577 sunt,
1496 1514 1553 1563 et

705 1585 918 1640 eruatis
970 1584 1188 1639 animas
1234 1593 1465 1640 nostras
1518 1602 1553 1641 a

694 1670 903 1719 «morte.
977 1664 1087 1731 Qui
1130 1666 1552 1732 responderunt

705 1744 784 1798 ei:
836 1742 1044 1798 Anima
1086 1751 1285 1798 nostra
1329 1744 1403 1797 sit
1444 1758 1551 1813 pro

705 1822 871 1876 vobis
897 1820 956 1874 in
991 1828 1249 1885 mortem,
1286 1822 1335 1875 si
1362 1827 1550 1876 tamen

704 1914 821 1955 non
863 1900 1183 1969 prodideris
1224 1915 1357 1955 nos:
1401 1917 1550 1955 cum-

701 1996 814 2050 que
841 1978 1140 2035 tradiderit
1165 1980 1333 2036 nobis
1357 1980 1550 2035 Domi·

701 2075 811 2114 nus
840 2066 1070 2126 terram,
1100 2059 1374 2115 faciemus
1403 2060 1462 2113 in
1494 2066 1550 2114 te

700 2138 1146 2192 misericordiam
1160 2178 1175 2204 ,
1235 2144 1292 2192 et
1343 2138 1549 2191 verita-

701 2222 832 2269 tem.
884 2216 1128 2269 Demisit
1154 2230 1290 2282 ergo
1319 2230 1419 2269 eos
1446 2232 1550 2284 per

704 2293 898 2347 funem
926 2293 999 2346 de
1026 2293 1300 2348 fenestra:
1341 2293 1548 2348 domus

703 2372 853 2426 enim
879 2371 999 2439 ejus
1025 2371 1280 2426 haerebat
1303 2387 1484 2427 mur0.

778 2459 847 2527 132.
887 2451 1188 2508 Narcissus
1224 2451 1547 2522 Episcopus

701 2530 884 2584 tribus
928 2529 1258 2585 vulneribus
1305 2530 1549 2586 feliciter

703 2607 994 2673 occubuit,
1039 2626 1073 2649 τ
1122 2607 1190 2661 In
1239 2608 1545 2663 confessio-

701 2699 773 2738 ne
819 2685 1193 2738 sanctissimae
1231 2686 1544 2742 Trinitatis.

712 2764 778 2833 V·
813 2763 925 2816 Hic
967 2770 1053 2817 est
1097 2763 1283 2817 bonus
1325 2766 1546 2831 Pastor,

702 2840 803 2909 qui
819 2840 1066 2894 animam
1082 2856 1245 2896 suam
1262 2842 1421 2897 dedit
1438 2859 1545 2913 pro

702 2919 906 2975 ovibus
925 2920 1057 2975 suis.
1095 2922 1180 2977 In.
1217 2921 1432 2978 Gloria.
1460 2924 1544 2980 In.

860 3031 932 3083 In
960 3032 1034 3086 11.
1067 3033 1389 3089 Nocturno.

974 3112 1171 3166 Lectio
1197 3098 1281 3168 ivs

704 3185 787 3236 Ex
817 3187 973 3237 BreV.
1010 3190 1365 3250 Gerundensi,
1396 3192 1544 3252 Aug„

841 3266 892 3307 et
913 3259 1030 3308 aliis
1051 3260 1413 3309 monumentis·

702 3344 1212 3549 'sanctissimus
1249 3348 1450 3417 Pater,
1487 3356 1543 3405 et

874 3423 1191 3495 Episcopus
1202 3432 1400 3481 noster
1406 3427 1460 3483 N
1460 3440 1545 3481 ar·

875 3501 1055 3555 cissus
1116 3519 1231 3571 quo
1288 3505 1545 3574 tempore

1606 1116 1802 1171 corum
1849 1116 2086 1186 Appulit.
2152 1118 2283 1185 Quo
2331 1128 2484 1172 cum·

1607 1196 1978 1263 pervenisset,
1997 1195 2071 1249 ad
2093 1194 2259 1250 Afrae
2284 1196 2462 1250 domi-

1607 1272 1799 1327 cilium
1826 1272 2073 1344 divertit.
2124 1273 2277 1327 Afra
2305 1290 2459 1342 vero,

1607 1350 1713 1404 etsi
1739 1351 2027 1419 meretrix,
2054 1353 2360 1421 comperto
2385 1360 2458 1407 ta·

1607 1445 1736 1484 men
1772 1444 1899 1483 eum
1945 1444 2072 1485 esse
2107 1429 2460 1485 Christiano-

1606 1523 1734 1562 rum
1780 1508 2153 1576 Episcopum,
2200 1509 2315 1563 Dei
2352 1508 2456 1579 spi-

1607 1587 1720 1640 ritu
1754 1586 2053 1653 commota,
2095 1587 2359 1656 resipuit,
2403 1593 2458 1642 et

1607 1665 1681 1720 ad
1716 1663 1866 1718 illius
1911 1665 2087 1733 pedes
2132 1679 2196 1719 se
2235 1665 2453 1733 abjecit.

1605 1744 1768 1798 Bono
1830 1750 2020 1797 autem
2083 1744 2279 1798 animo
2334 1759 2455 1799 esse

1604 1823 1776 1891 jussa,
1810 1837 1940 1876 cum
1969 1822 2243 1877 Narcisso
2271 1829 2330 1877 et
2356 1824 2452 1877 Fe-

1606 1901 1713 1956 lice
1751 1901 1810 1954 in
1855 1900 2112 1954 oratione
2156 1902 2451 1970 pernocta·

1606 1980 1704 2035 vit.
1744 1979 1906 2035 Circa
1925 1985 2114 2034 autem
2133 1979 2326 2034 noctis
2345 1981 2450 2049 gal·

1604 2059 1882 2126 licinium,
1926 2073 2056 2112 cum
2092 2058 2291 2113 lumen
2327 2073 2449 2113 can·

1605 2139 1748 2192 delae
1759 2138 2098 2191 exstinctum
2109 2146 2282 2206 esset,
2295 2139 2449 2193 oran·
2471 2138 2476 2173 ⁴

1603 2224 1660 2270 te
1687 2216 1971 2281 Narcisso,
1995 2215 2094 2270 lux
2123 2232 2157 2270 e
2182 2217 2334 2272 coelo
2360 2217 2447 2270 de-

1601 2295 1759 2365 lapsa
1797 2294 2176 2349 diversorium
2213 2296 2448 2365 occupa·

1602 2375 1701 2427 vit.
1752 2374 1894 2427 Orto
1918 2374 2029 2441 jam
2059 2372 2198 2442 sole,
2228 2374 2448 2430 Narcis-

1602 2467 1728 2505 sum
1766 2459 1821 2505 et
1857 2451 2104 2506 Felicem
2141 2452 2451 2507 occultavit

1604 2531 1766 2598 Afra,
1792 2537 1848 2584 et
1874 2530 2241 2598 indagatores
2269 2532 2346 2586 ab
2369 2531 2449 2584 in·

1603 2608 1868 2664 fidelibus
1887 2608 2093 2662 missos
2110 2609 2297 2664 elusit.
2321 2609 2449 2663 Pul·

1602 2701 1668 2740 so
1687 2687 1886 2756 postea
1899 2686 2031 2740 inde
2049 2686 2329 2755 daemone,
2351 2687 2448 2754 qui

1601 2765 1776 2819 semel
1809 2765 2131 2834 iterumque
2168 2780 2231 2819 se
2257 2765 2450 2819 viden·

1602 2845 1738 2898 dum
1766 2845 2109 2912 praebuerat,
2146 2845 2328 2898 multa
2356 2859 2449 2912 pa·

1599 2923 1752 2977 trata
1795 2929 1927 2988 suut
1963 2938 1998 2976 a
2033 2922 2306 2978 Narcisso
2351 2923 2448 2976 mi-

1600 3000 1820 3069 racula,
1863 3000 2075 3069 quibus
2119 3000 2345 3069 Afram,
2393 3009 2447 3055 et

1599 3081 1719 3149 ejus
1751 3078 1998 3147 ancillas„
2034 3078 2302 3147 Dignam,
2336 3079 2445 3134 Eu-

1599 3158 1880 3226 nomiam,
1965 3164 2023 3213 et
2091 3157 2446 3227 Eutropium,

1598 3235 1992 3304 Hilariamque
2038 3235 2160 3303 ejus
2205 3244 2445 3291 matrem

1598 3314 1672 3368 ad
1701 3314 1872 3369 fidem
1891 3313 2192 3383 convertit,
2216 3322 2273 3369 et
2300 3315 2446 3370 salu·

1599 3394 1708 3447 tari
1735 3408 1886 3463 aqua
1914 3392 2185 3463 perfudit.

1667 3494 1739 3562 Ra.
1766 3491 2085 3545 Honestum
2112 3488 2266 3545 fecit.
