2646 3976
232 721 356 776 dius
407 722 650 790 uterque
706 722 958 777 fidelium
1010 724 1071 777 in
1121 727 1465 797 paucissimi,
1496 731 1585 784 vel
1605 746 1818 784 saevam
1841 732 1967 785 bar·

229 800 475 854 cervices
501 798 855 855 inimicorum
880 801 954 855 ad
978 802 1071 856 de·
1121 807 1363 878 bariem,
1437 812 1529 866 vel
1602 814 1964 867 numerosam

229 877 556 932 struendam
579 892 804 932 omnem
825 879 1069 936 altitudi-

230 970 356 1009 nem
385 956 749 1010 extollentem
785 972 846 1010 se
872 956 1071 1011 adver-

226 1050 327 1088 sus
350 1034 647 1089 seientiam
674 1034 800 1101 Dei,
828 1050 957 1102 quae
984 1041 1069 1089 est

225 1111 661 1167 christianorum
732 1111 902 1167 fides:
976 1128 1070 1166 ne-

222 1189 455 1259 qudndo
486 1188 677 1244 dicant
701 1197 922 1259 gentes:
954 1190 1070 1245 Ubi

220 1273 307 1322 est
359 1268 521 1321 Deus
574 1267 811 1322 eorum?
881 1269 1066 1323 Porro

211 1346 548 1400 'imminente
564 1346 735 1410 belle,
761 1347 916 1400 intus
938 1346 1068 1414 fide,

220 1424 360 1478 foris
408 1423 563 1477 ferro
577 1464 591 1491 ,
644 1439 759 1477 non
813 1439 953 1478 auro
1005 1440 1067 1479 se

218 1502 494 1569 muniant,
528 1503 810 1571 quatenus
845 1503 1066 1571 armati,

216 1586 274 1634 et
299 1595 416 1634 non
443 1580 632 1634 ornati
665 1581 927 1636 hostibus
954 1596 1065 1635 me-

215 1664 339 1711 tum
374 1658 675 1726 incutiant,
712 1674 828 1712 non
861 1660 1065 1728 provo·

212 1742 344 1790 cent
362 1735 683 1789 avaritiam.
710 1736 933 1790 Deinde
951 1752 1065 1791 non

212 1812 556 1881 turbulenti,
600 1820 699 1867 aut
745 1814 1064 1882 impetuosi,

212 1898 271 1946 et
298 1891 467 1960 quasi
494 1906 564 1945 ex
602 1891 831 1946 levitate
866 1893 1065 1961 praeci-

212 1970 362 2040 pites
375 2012 389 2039 ‚
444 1970 547 2029 sed
591 1970 850 2026 consulte
894 1979 1066 2042 atque

216 2064 346 2102 cum
377 2048 534 2102 omni
568 2049 806 2116 cautela,
844 2056 902 2105 et
935 2066 1064 2120 pro·

217 2125 474 2181 videntia
487 2127 706 2195 seipsos
716 2129 1063 2196 ordinAnteS,

211 2210 274 2258 et
324 2204 694 2273 disponentes
754 2205 811 2259 in
865 2206 1064 2275 aciem,

212 2282 376 2350 juxta
394 2283 552 2352 quod
572 2283 644 2337 de
660 2285 919 2354 patribus
939 2285 1065 2340 scri-

210 2366 380 2428 ptum
432 2367 548 2415 est:
609 2360 742 2416 Veri
803 2363 1061 2430 profecto

206 2437 493 2493 Israelitae
516 2441 832 2509 procedunt
856 2441 930 2494 ad
949 2440 1061 2496 bel-

208 2515 268 2570 la
294 2517 538 2586 pacifici.

279 2608 352 2674 Rz.
383 2605 502 2659 Iste
528 2610 629 2657 est.

467 2706 660 2759 Lectio
689 2708 801 2759 viii.

282 2793 308 2841 t
332 2800 473 2840 vero
500 2786 599 2839 ubi
624 2793 856 2840 ventum
890 2786 1061 2841 fuerit

356 2866 430 2920 ad
469 2865 770 2933 certamen,
802 2867 924 2918 tum
967 2865 1060 2918 de-

202 2961 366 3002 mum
395 2942 641 3012 pristina
660 2942 891 2997 lenitate
910 2949 1059 3011 post-

200 3025 421 3096 posita,
476 3027 768 3089 tamquam
813 3021 861 3074 si
910 3021 1059 3075 dice-

197 3110 363 3158 rent:
420 3100 623 3155 Nonne
672 3099 771 3167 qui
815 3099 1059 3154 oderunt

198 3188 276 3249 te,
303 3177 574 3243 Domine,
603 3176 852 3246 Oderam,
883 3184 940 3231 et
966 3192 1058 3231 su-

197 3273 308 3327 per
341 3255 608 3311 inimicos
641 3260 773 3308 tuos
808 3257 1057 3310 tabesce-

197 3336 382 3391 bam?
433 3336 660 3390 irruunt
696 3335 756 3397 in
791 3333 1055 3388 adversa-

199 3413 340 3483 ri08,
374 3414 572 3468 hostes
608 3413 765 3468 velut
800 3426 937 3466 oves
971 3414 1055 3467 re-

845 594 996 644 Festa
1019 597 1209 647 Martii.
1241 601 1359 658 (15.)

196 3498 437 3560 putant,
499 3492 885 3571 nequaquam,
949 3490 1055 3544 etsi
1104 3490 1212 3545 mis
1248 3488 1440 3554 Israel,
1488 3487 1587 3556 qui
1620 3486 1743 3541 veri
1776 3487 1950 3542 lectu·

1875 607 1970 655 35*

1119 886 1538 943 multitudinem
1574 890 1967 946 formidantes·

1121 964 1419 1021 Noverunt
1445 968 1725 1036 siquidem
1749 985 1865 1024 non
1891 970 1964 1025 de

1120 1041 1238 1095 suis
1251 1045 1600 1111 praesumere
1612 1047 1848 1116 viribuS,
1862 1048 1964 1102 sed

1121 1120 1192 1173 de
1219 1120 1430 1175 virtute
1458 1124 1692 1177 Domini
1713 1123 1964 1180 Sabaoth

1120 1200 1353 1267 sperare
1362 1200 1655 1255 victoriam
1669 1222 1682 1256 ε
1702 1203 1792 1256 cui
1806 1204 1966 1258 nimi·

1118 1292 1245 1330 rum
1282 1276 1450 1333 facile
1486 1294 1609 1334 esse
1645 1281 1962 1351 confidunt,

1117 1354 1271 1422 juxta
1342 1357 1678 1411 sententiam
1741 1360 1962 1414 Macha-

1120 1432 1244 1501 bebi,
1263 1434 1529 1489 concludi
1547 1436 1755 1490 multos
1771 1437 1830 1490 in
1849 1452 1962 1491 ma-

1117 1525 1224 1564 nus
1251 1513 1582 1580 paucorum,
1614 1521 1669 1568 et
1695 1530 1811 1568 non
1837 1530 1961 1569 esse

1117 1589 1496 1644 differentiam
1542 1591 1601 1645 in
1652 1594 1961 1661 conspeetu

1116 1667 1225 1721 Dei
1250 1668 1377 1721 coeli
1398 1668 1645 1723 liberare
1668 1670 1726 1724 in
1749 1670 1960 1739 multiS,

1116 1751 1172 1798 et
1206 1746 1265 1798 in
1302 1747 1522 1814 paucis:
1574 1748 1708 1814 quia
1746 1763 1861 1801 non
1900 1749 1955 1800 in

1114 1827 1475 1881 multitudine
1532 1828 1812 1882 exercitus
1873 1834 1965 1895 est,

1117 1904 1352 1958 victoria
1378 1905 1540 1974 belli3
1576 1906 1679 1959 sed
1715 1906 1785 1959 de
1811 1906 1957 1959 coelo

1117 1982 1395 2038 fortitudo
1415 1992 1515 2038 est.
1542 1990 1571 2051 ἒ
1604 1986 1694 2041 Ita
1712 1983 1959 2055 denique

1115 2061 1260 2118 miro
1288 2062 1557 2130 quodam.
1594 2079 1661 2117 ac
1686 2062 1958 2132 singulari

1115 2139 1286 2194 modo
1338 2142 1649 2198 cernuntur
1694 2149 1751 2196 et
1799 2142 1957 2209 agnis

1115 2221 1386 2292 mitioreS,
1424 2230 1479 2277 et
1513 2223 1775 2279 leonibus
1812 2223 1956 2278 fero-

1115 2300 1321 2354 ciores:
1373 2307 1439 2355 ut
1483 2318 1628 2371 pene
1681 2302 1954 2369 dubitem,

1113 2379 1252 2447 quid
1275 2379 1465 2446 potius
1486 2381 1744 2433 censeam
1768 2379 1956 2446 appel-

1111 2460 1332 2526 landOS,
1351 2460 1658 2513 monachos
1676 2458 1956 2526 videlicet,

1114 2556 1186 2594 an
1200 2540 1424 2607 mssiteS‚
1443 2540 1551 2593 nisi
1565 2539 1720 2607 quod
1740 2539 1954 2592 utrum-

1113 2634 1225 2687 que
1238 2617 1434 2673 forsan
1445 2616 1843 2685 congruentius
1855 2631 1954 2669 no·

1111 2700 1405 2768 minarem,
1443 2700 1652 2769 quibus
1688 2706 1954 2753 neutrum

1113 2783 1311 2837 deesse
1322 2782 1697 2851 cognoscitur,
1715 2797 1820 2836 nee
1836 2782 1952 2835 mo-

1111 2861 1277 2915 nachi
1305 2859 1701 2929 mansuetudo,
1726 2875 1831 2914 nec
1855 2859 1953 2912 mi·

1110 2939 1226 2993 litis
1267 2939 1562 2993 fortitudo,
1616 2940 1703 2994 De
1741 2954 1855 3007 qua
1890 2953 1951 2992 re
2046 2958 2057 2967 ·

1110 3022 1248 3091 quid
1285 3021 1588 3076 dicendum
1601 3061 1615 3089 ,
1653 3021 1762 3074 nisi
1797 3021 1952 3089 quod

1109 3116 1144 3154 a
1169 3099 1418 3154 Domino
1445 3099 1656 3152 factum
1676 3105 1762 3153 est
1779 3098 1952 3163 istud,

1109 3186 1167 3233 et
1217 3183 1303 3232 est
1356 3176 1616 3230 mirAbile
1662 3176 1720 3229 in
1772 3175 1952 3229 oculis

1107 3255 1316 3311 nostris
1328 3255 1372 3308 ἲ·
1420 3254 1591 3307 Tales
1635 3253 1742 3307 sibi
1788 3250 1952 3318 elegit

1106 3336 1283 3401 DeuS‚
1319 3339 1375 3386 et
1410 3330 1632 3399 collegit
1666 3345 1701 3383 a
1738 3329 1952 3386 finibus

1106 3420 1275 3467 terrae
1302 3410 1592 3463 ministros
1619 3424 1690 3463 ex
1713 3407 1950 3463 fortissi-

1659 3625 1740 3679 342·
