2646 3976
734 555 889 603 Festa
910 553 1227 601 Decembris,
1262 553 1380 613 (12.)
1852 549 1916 595 7*

184 681 597 748 suminCadeS‚
617 684 675 733 et
693 675 857 746 quasi
868 675 1024 744 plan·
1077 674 1211 728 vitae
1247 680 1303 728 et
1340 672 1581 727 virtutis,
1656 670 1922 725 Transito

184 763 318 819 tatio
330 776 481 816 rosae
493 760 555 813 in
567 758 606 813 J
609 756 827 811 ericho:
850 753 1027 822 Quasi
1079 754 1153 807 ad
1191 768 1283 807 me
1317 767 1538 819 omnes,
1584 750 1683 820 qui
1718 764 1921 804 concu-

184 841 330 898 oliva
355 838 617 908 speciosa
636 836 694 888 in
713 833 945 902 campiS‚
973 837 1029 886 et
1079 832 1294 902 piscitis
1322 846 1430 898 me,
1470 836 1526 884 et
1553 845 1587 883 a
1613 828 1923 897 generatio-

183 918 345 990 quasi
356 917 627 986 platanus
641 912 887 967 exaltata
900 925 1027 964 sum
1080 911 1247 964 nibus
1274 909 1417 963 meis
1438 906 1774 977 implemini:
1804 904 1925 975 Spi-

183 1000 340 1067 juxta
357 1009 563 1064 aquam
584 992 644 1045 in
662 990 884 1060 plateis.
915 988 1029 1043 Sic·
1081 989 1224 1043 ritus
1249 987 1398 1042 enim
1426 1002 1584 1040 meus
1612 999 1787 1054 super
1814 983 1924 1037 mel

184 1081 250 1130 ut
285 1067 719 1137 cinnamomum,
756 1074 813 1122 et
846 1068 1029 1122 balsa-
1082 1067 1289 1133 dulciS,
1343 1072 1399 1119 et
1455 1064 1757 1120 haereditas
1800 1076 1925 1116 mea

183 1168 340 1208 mum
378 1148 758 1205 aromatizans
794 1145 1030 1199 odorem
1083 1160 1256 1214 super
1291 1142 1403 1197 mel
1448 1149 1504 1197 et
1550 1143 1769 1195 favum:
1818 1156 1929 1194 me·

186 1231 342 1286 dediz
382 1228 551 1298 quasi
584 1225 819 1296 myrrha
854 1224 1032 1278 electa
1084 1224 1263 1278 moria
1289 1237 1417 1276 mea
1452 1222 1511 1274 in
1539 1219 1927 1288 generationes

186 1309 315 1365 dedi
345 1306 687 1363 suavitatem
718 1302 938 1357 odoris:
976 1308 1031 1356 et
1084 1302 1441 1356 saeculorum.
1480 1300 1591 1366 Qui
1617 1299 1793 1353 edunt
1822 1311 1929 1363 me,

187 1387 353 1458 quasi
390 1392 602 1452 storax,
650 1388 706 1437 et
740 1381 1032 1450 galbanus,
1085 1381 1271 1435 adhuc
1307 1378 1574 1445 esurient,
1621 1384 1676 1431 et
1714 1376 1811 1444 qui
1848 1374 1929 1427 bi·

186 1474 241 1521 et
257 1464 489 1532 ungula,
520 1470 577 1517 et
593 1467 768 1530 gutta,
795 1467 850 1514 et
871 1457 1033 1528 quasi
1087 1461 1229 1512 bunt
1247 1474 1353 1522 me,
1373 1458 1559 1511 adhuc
1579 1454 1788 1510 sitient.
1819 1452 1929 1520 Qui

188 1545 452 1600 Libanus
480 1555 593 1594 non
624 1539 835 1594 incisus
862 1552 1032 1605 vapo-

187 1623 315 1677 ravi
368 1619 781 1674 habitationem
833 1630 1035 1681 meam,

188 1709 244 1756 et
309 1699 477 1769 quasi
539 1696 856 1752 balsamum
921 1709 1036 1748 non

189 1780 436 1834 mixtum
463 1776 608 1830 odor
635 1790 811 1829 meus.

1087 1537 1247 1592 audit
1266 1552 1373 1603 me,
1392 1551 1507 1590 non
1519 1532 1930 1590 confundetur:

1087 1624 1142 1671 et
1162 1615 1258 1684 qui
1279 1616 1589 1685 operantur
1606 1613 1661 1666 in
1683 1626 1789 1677 me,
1813 1623 1931 1662 non

1088 1695 1419 1764 peccabunt.
1484 1692 1594 1759 Qui
1648 1688 1932 1743 elucidant

1090 1788 1196 1839 me,
1245 1772 1423 1824 vitam
1461 1772 1728 1822 aeternam
1763 1765 1934 1817 habe-

1090 1852 1251 1905 bunh

1159 1943 1231 2010 R'·
1249 1936 1390 2004 Quae
1409 1939 1494 1987 est
1513 1932 1638 1998 ista,
1661 1944 1789 1998 quae
1810 1940 1936 1998 pro·

1091 2016 1264 2072 cessit
1289 2015 1434 2068 sicut
1463 2013 1567 2077 sol,
1598 2017 1653 2064 et
1683 2007 1935 2063 formosa

1093 2104 1380 2164 tamquam
1400 2091 1722 2148 Jerusalem
1738 2088 1765 2142 ⁴?
1781 2090 1820 2126 ὓ
1839 2085 1935 2141 Vi-

266 1884 336 1949 132,
388 1873 531 1940 Quae
582 1876 671 1926 est
716 1869 851 1936 ista,
906 1883 1037 1937 quae

189 1951 450 2010 ascendit
485 1950 632 2006 sicut
667 1949 874 2003 aurora
909 1961 1039 2002 con-

190 2035 455 2100 surgenS,
502 2028 739 2098 pulchra
784 2034 846 2081 ut
886 2027 1039 2090 luna,

195 2112 376 2165 electa
417 2114 480 2162 ut
516 2107 619 2173 sol,
655 2109 689 2144 i*
741 2103 1042 2160 Terribilis

195 2197 258 2244 ut
285 2188 606 2243 castrorum
643 2185 790 2238 acies
819 2183 1040 2237 ordina·

197 2268 297 2322 ta‘?
326 2262 397 2335 W.
429 2264 575 2319 Filia
603 2262 758 2330 Sion,
782 2269 903 2317 tota
929 2260 1055 2320 for-,

196 2346 376 2413 mosa,
403 2350 459 2399 et
484 2342 679 2396 suavis
699 2356 778 2401 es,
804 2339 1042 2408 pulchra

196 2431 260 2478 ut
285 2422 440 2489 luna,
466 2420 644 2476 electa
670 2426 733 2473 ut
759 2419 861 2472 sol.
908 2417 1042 2471 Ter-

196 2501 398 2556 ribilis.

1094 2175 1297 2229 derunt
1334 2188 1459 2227 eam
1499 2170 1636 2225 filiae
1673 2167 1835 2231 Sion,
1880 2171 1937 2218 et

1093 2255 1317 2309 beatam
1339 2252 1621 2312 dixerunt,
1648 2254 1703 2302 et
1722 2243 1934 2313 reginae

1094 2331 1476 2387 laudaverunt
1528 2342 1670 2382 eam.
1732 2316 1805 2390 Y.
1862 2320 1936 2373 Et

1095 2411 1241 2466 sicut
1280 2409 1401 2462 dies
1429 2406 1589 2460 verni
1627 2399 1938 2456 circumda-

1096 2491 1232 2542 bant
1250 2502 1374 2541 eam
1396 2484 1565 2537 flores
1584 2480 1864 2539 rosarum,
1883 2480 1939 2527 et

1096 2568 1215 2622 lssia
1242 2563 1601 2619 convallium.
1640 2556 1939 2613 Viderunt.

1097 2645 1300 2702 Gloria
1329 2641 1503 2697 Patri.
1542 2638 1836 2694 Viderunt.

1256 2777 1327 2828 In
1358 2773 1429 2827 11.
1463 2769 1780 2822 Nooturno.

1169 2875 1373 2930 Sermo
1394 2866 1573 2921 sancti
1597 2863 1877 2919 Bernardi

1396 2944 1652 3001 AbbatiS.

1370 3045 1563 3100 Lectio
1591 3044 1667 3097 iv.

1182 3135 1261 3183 De
1287 3133 1442 3182 Verb.
1464 3132 1623 3192 Apoc.
1647 3142 1758 3191 cap.
1782 3127 1855 3174 12.

476 2580 667 2634 Lectio
697 2579 771 2631 iii.

214 2683 377 2807 Ego
398 2672 561 2742 quasi
581 2670 932 2727 terebinthus
955 2683 1045 2721 ex-

339 2751 499 2807 tendi
535 2764 726 2804 ramos
765 2763 945 2813 meOS,
991 2752 1048 2800 et

201 2832 346 2887 rami
368 2830 481 2884 mei
505 2828 744 2882 honoris
762 2834 818 2882 et
835 2825 1046 2894 gratiae.

203 2912 326 2980 Ego
353 2908 520 2977 quasi
545 2906 679 2961 vitis
712 2903 1049 2959 fructificavi

203 2988 544 3043 suavitatem
563 2983 782 3038 odoris:
808 2988 865 3036 et
882 2982 1050 3035 flores

204 3066 314 3121 mei
342 3065 567 3119 fructus
591 3062 841 3126 honoris,
868 3068 925 3114 et
951 3059 1051 3112 ho-

205 3143 460 3200 nestatis
535 3141 656 3208 Ego
705 3146 885 3193 mater
932 3137 1052 3205 pul·

206 3223 357 3277 chrae
376 3217 716 3284 dilectionis,
745 3223 801 3270 et
817 3215 1054 3281 timoriS,
1140 3239 1141 3247 ι
1175 3268 1188 3286 2,
1226 3273 1252 3282 ἡ
1293 3207 1459 3262 idelis
1495 3204 1678 3274 plane,
1717 3206 1773 3254 et
1810 3199 1950 3267 prae-

208 3307 263 3355 et
281 3297 603 3368 agnitionis,
623 3301 680 3350 et
692 3300 902 3348 sanctae
916 3291 1054 3361 spei.
1173 3290 1204 3369 {ff
1320 3291 1522 3355 potens
1541 3278 1821 3334 mediator
1840 3275 1946 3330 Dei

208 3378 276 3432 In
300 3393 395 3432 me
431 3375 613 3444 gratia
650 3372 832 3426 omnis
857 3371 966 3424 viae
1000 3377 1055 3424 et
1139 3388 1143 3400 ·
1263 3370 1281 3416 Α
1323 3370 1380 3419 et
1431 3357 1725 3413 hominum
1777 3355 1947 3410 homo

208 3454 485 3522 veritatis»,
512 3454 572 3506 in
601 3467 692 3505 me
717 3450 899 3504 omnis
927 3463 1056 3517 spes
1110 3447 1369 3501 Christus
1388 3441 1590 3496 ..Iesus-
1674 3436 1791 3490 Nec
1827 3435 1950 3502 ipsa

182 3537 1977 3568 -..-.-.-.----—---—--———————-—-—·--
