2646 3976
680 573 773 624 13*
1241 567 1399 616 Festa
1419 567 1709 618 Februarii.
1737 569 1858 629 (25.)

679 712 808 752 eum
856 703 944 750 est
994 696 1315 764 aggressus:
1372 709 1525 749 nune
1577 694 1704 749 lesti
1753 696 2056 764 splendere
2098 696 2430 752 circumful-

681 775 836 830 foeda
864 779 1087 842 spectra
1115 772 1325 827 fereeis
1355 772 1524 841 tauri,
1577 773 1770 841 serint,
1794 774 2153 829 itinerantem
2171 790 2205 829 a
2222 769 2428 844 pluvia

678 852 967 921 trucisque
1003 850 1188 905 Mauri
1232 851 1284 905 ei
1333 850 1522 920 objici·
1576 859 1634 905 et
1668 852 1899 908 nivibus
1934 853 2312 920 defenderint,
2351 869 2427 908 ex

678 947 804 987 ens:
849 945 1002 985 nune
1035 931 1294 985 venustae
1329 928 1525 985 mulie-
1576 930 1670 984 via
1696 930 1925 986 devium
1960 931 2020 985 in
2054 937 2273 986 rectum
2306 933 2425 986 tra-

678 1010 759 1064 ris
787 1009 1072 1079 impudice
1095 1008 1387 1077 gestientis
1415 1008 1525 1062 for·
1575 1009 1769 1063 mitem
1816 1009 2186 1087 deduxerint,
2234 1010 2424 1078 deque

677 1104 827 1143 mam
864 1088 1129 1142 induens:
1166 1088 1266 1142 sed
1296 1087 1387 1140 vir
1412 1086 1524 1141 Dei
1575 1102 1690 1142 uno
1725 1088 1783 1142 in
1812 1089 1984 1143 alium
2017 1088 2207 1143 locum
2243 1095 2427 1142 trans-

677 1168 836 1236 signo
873 1167 1058 1221 erucis
1102 1173 1307 1222 cuncta
1342 1165 1524 1220 hostis
1573 1167 1823 1221 tfilerint.
1887 1168 2137 1222 Futurus
2182 1167 2426 1221 eventus

676 1246 972 1300 molimina
1009 1246 1158 1300 vicit.
1224 1245 1524 1299 Postrema
1576 1259 1806 1314 quoque
1851 1246 2157 1315 praenevit3
2203 1248 2427 1300 secreta

678 1326 915 1394 conjuge
974 1324 1272 1391 defuncta,
1338 1322 1524 1377 ordini
1575 1324 1711 1378 item
1746 1324 2023 1393 eoelestia,
2069 1330 2129 1379 et
2162 1324 2426 1379 cerdium

677 1401 986 1471 Seraphim
1040 1402 1289 1457 adscribi
1343 1400 1523 1471 petiit,
1575 1403 1783 1457 areana
1807 1403 2140 1472 penetravit,
2176 1408 2232 1458 et
2255 1402 2315 1456 in
2343 1402 2422 1457 fe-

678 1496 746 1536 ae
757 1481 1098 1536 monialibus
1111 1487 1325 1535 sanctae
1338 1479 1522 1534 Clarae
1574 1481 1823 1535 roeieres
1849 1482 2068 1536 belluas
2094 1481 2425 1536 absolutum

678 1559 896 1615 eunetis
921 1559 1125 1629 opibus
1146 1558 1375 1626 reIIctis,
1402 1557 1522 1613 voti
1578 1574 1804 1629 semper
1821 1561 2072 1616 exercuit
2086 1559 2425 1615 dominium.

675 1639 767 1693 sui
796 1652 1046 1708 compos,
1082 1638 1195 1705 jam
1228 1645 1523 1707 septuage-
1576 1638 1952 1693 Eucharistiae
1973 1639 2423 1707 Sacramentum,

677 1717 875 1772 nerins
911 1716 970 1771 in
1008 1723 1159 1771 statu
1203 1716 1335 1771 laici
1370 1715 1523 1772 efflei
1575 1717 1732 1787 quod
1759 1719 1819 1771 in
1845 1719 2101 1773 extremo
2122 1719 2326 1773 morbo
2352 1733 2425 1773 ex

679 1795 901 1850 meruit.
1575 1796 1793 1850 vemitu
1820 1795 2172 1865 praepeditus
2195 1796 2425 1851 sumere

760 1874 1079 1944 &Amavit
1106 1890 1252 1928 eum.
1575 1889 1690 1928 non
1720 1874 1963 1944 peterat,
2000 1874 2074 1928 ad
2112 1890 2174 1929 se
2209 1874 2423 1930 deferri

962 1974 1159 2031 Lectio
1186 1975 1257 2032 vi·
1574 1953 1861 2024 poposcit,
1906 1959 1962 2010 et
1995 1953 2153 2009 humi
2189 1959 2420 2023 stratus,

802 2065 1243 2120 lemnibusvotis
1254 2066 1379 2119 Deo
1392 2080 1528 2119 nun·
1576 2031 1935 2101 lacrimssque
1988 2033 2284 2102 perfflsus’
2338 2032 2424 2086 in‘

1576 2110 1879 2164 enarrabili
1915 2111 2087 2165 animi
2123 2126 2295 2166 sensu
2330 2111 2425 2166 ed·

1574 2189 1696 2243 luit.
1759 2185 1929 2243 Senio
1965 2191 2195 2245 tandem
2232 2190 2427 2245 eonfe-

1575 2273 1718 2337 etus‚
1728 2283 1907 2338 prope
1916 2269 2292 2338 centenarius,
2302 2269 2427 2324 ulti·

1575 2361 1732 2401 mum
1747 2346 1895 2401 diem
1905 2347 2292 2417 placidissime
2303 2347 2423 2401 An·

678 2459 845 2527 tudo,
894 2459 1239 2520 obedientia,
1285 2460 1524 2528 pauper.
1574 2425 1819 2495 gelepoli
1844 2425 2059 2516 elausit.
2106 2426 2246 2480 Post
2274 2440 2425 2480 mor·

678 2543 783 2605 tas,
828 2538 885 2591 in
923 2537 1181 2593 adversis
1216 2538 1352 2592 item
1388 2538 1523 2592 tole·
1577 2511 1690 2557 tem
1727 2518 1936 2594 0⁰¹‘PPS
1970 2519 2119 2573 ejus,
2156 2504 2314 2574 quod
2350 2520 2426 2560 ΟΧ

679 2615 875 2670 randis
948 2616 1156 2670 exmia
1233 2615 1523 2685 patientia·
1575 2581 1908 2651 poenitentia
1958 2582 2218 2636 attritum
2253 2596 2425 2652 squa-

680 2696 1033 2764 Temperans
1081 2695 1227 2749 adeo
1276 2694 1412 2762 fuit,
1467 2701 1524 2749 et

679 2771 844 2827 fortis
857 2813 870 2839 ,
925 2778 989 2826 ut
1039 2780 1251 2842 praeter
1296 2773 1524 2842 prolixa

677 2850 899 2919 jejunia,
927 2857 981 2905 et
1005 2851 1264 2920 cerporis
1288 2850 1524 2905 afflicta·

678 2929 878 2997 tienes‚
905 2935 1100 2984 noctes
1116 2929 1406 2983 insemnes
1424 2945 1523 2984 sae-

675 3024 748 3078 pe
783 3007 1129 3073 traduxerit3
1166 3007 1371 3076 dignus
1396 3023 1524 3078 pro-

679 3088 890 3158 pterea,
927 3087 1035 3154 eui,
1070 3093 1136 3141 ut
1162 3086 1362 3155 fertur,
1398 3102 1521 3142 esu·

791 2144 1029 2212 cupatis,
1063 2145 1122 2198 in
1158 2144 1311 2198 omni
1349 2143 1524 2197 virtu·

677 2228 798 2276 tum
821 2223 1024 2291 genere
1047 2222 1283 2276 mirifice
1300 2222 1521 2276 enituit.

678 2299 912 2356 Summa
948 2300 1000 2354 ei
1043 2301 1224 2355 inerat
1260 2300 1524 2370 simplici·

677 2386 783 2443 tas
813 2379 987 2433 animi
1006 2381 1238 2449 candor,
1265 2394 1523 2434 mansue-

1575 2739 1793 2792 mesam
1809 2737 1996 2793 induit
2008 2739 2272 2807 speeiem,
2292 2754 2422 2794 sua-

1575 2817 1818 2887 vemque
1872 2817 2113 2886 spiravit
2165 2817 2423 2872 oderem.

1574 2894 1897 2950 Virtutibus
1935 2895 2198 2964 denique,
2237 2902 2295 2950 et
2322 2895 2424 2949 mi-

1573 2974 1784 3028 raculis
1811 2973 2014 3041 clame,
2051 2989 2086 3026 a
2113 2974 2220 3028 Pio
2257 2982 2423 3028 sexto

1577 3052 1853 3107 Pontifiee
1870 3052 2120 3106 Maximo
2150 3051 2209 3106 in
2228 3053 2423 3107 beate·

676 3165 843 3220 rienti
878 3166 934 3220 in
972 3167 1201 3221 deserto
1214 3208 1227 3234 ,
1273 3172 1331 3220 et
1365 3166 1522 3220 omni
1573 3146 1702 3184 mm
1726 3137 1934 3185 coetum
1972 3130 2304 3185 ⁸⁰¹⁶m11st01‘
2333 3138 2422 3186 est

677 3245 927 3299 humana
954 3260 1062 3314 ope
1090 3244 1382 3312 destitute,
1409 3244 1523 3299 An·
1574 3210 1805 3264 relatus·

676 3323 786 3391 geli
846 3324 1062 3378 cibaria
1126 3322 1520 3391 ministrarint,
1647 3311 1721 3379 Re·
1740 3306 1856 3360 Iste
1881 3306 2068 3360 homo.

676 3401 1010 3457 lassitudine
1062 3402 1386 3458 confectum
1435 3416 1521 3456 re·
1638 3414 1703 3461 In
1719 3413 1824 3465 111.
1836 3414 2102 3465 Nocturno
2117 3414 2354 3465 Humilia
2371 3417 2429 3465 in

675 3480 944 3547 erearint,
990 3481 1366 3537 dormientem
1410 3497 1520 3537 εω-
1577 3486 1776 3544 Evang.
1797 3485 1912 3536 Sint
1932 3485 2112 3535 lumbi.
2135 3485 2198 3533 de
2221 3485 2426 3536 Comm.

1575 2659 1870 2729 iidemque
1903 2666 2042 2724 erat,
2078 2661 2270 2714 statim
2309 2660 2426 2715 for·
2496 2666 2516 2679 ·
