<?xml version="1.0" encoding="UTF-8"?>
<!DOCTYPE html PUBLIC "-//W3C//DTD XHTML 1.0 Transitional//EN"
    "http://www.w3.org/TR/xhtml1/DTD/xhtml1-transitional.dtd">
<html xmlns="http://www.w3.org/1999/xhtml" xml:lang="en" lang="en">
 <head>
  <title>
</title>
<meta http-equiv="Content-Type" content="text/html;charset=utf-8" />
  <meta name='ocr-system' content='tesseract 3.04.00' />
  <meta name='ocr-capabilities' content='ocr_page ocr_carea ocr_par ocr_line ocrx_word'/>
</head>
<body>
  <div class='ocr_page' id='page_1' title='image "./officiaproprias02churgoog/officiaproprias02churgoog_0122.png"; bbox 0 0 2646 3976; ppageno 0'>
   <div class='ocr_carea' id='block_1_1' title="bbox 656 535 1010 685">
    <p class='ocr_par' dir='ltr' id='par_1_1' title="bbox 656 535 1010 685">
     <span class='ocr_line' id='line_1_1' title="bbox 656 535 1010 685; baseline 0 3291"><span class='ocrx_word' id='word_1_1' title='bbox 656 535 1010 685; x_wconf 95' lang='lat' dir='ltr'><strong> </strong></span> 
     </span>
    </p>
   </div>
   <div class='ocr_carea' id='block_1_2' title="bbox 692 715 1539 1177">
    <p class='ocr_par' dir='ltr' id='par_1_2' title="bbox 692 715 1539 1177">
     <span class='ocr_line' id='line_1_2' title="bbox 695 715 1537 783; baseline -0.006 -11"><span class='ocrx_word' id='word_1_2' title='bbox 695 717 928 772; x_wconf 80' lang='lat' dir='ltr'><strong>voluisti</strong></span> <span class='ocrx_word' id='word_1_3' title='bbox 940 716 1093 770; x_wconf 86' lang='lat' dir='ltr'><strong>nasci</strong></span> <span class='ocrx_word' id='word_1_4' title='bbox 1106 716 1269 783; x_wconf 87' lang='lat' dir='ltr'><strong>coelo,</strong></span> <span class='ocrx_word' id='word_1_5' title='bbox 1287 715 1386 770; x_wconf 90' lang='lat' dir='ltr'><strong>ubi</strong></span> <span class='ocrx_word' id='word_1_6' title='bbox 1402 715 1537 772; x_wconf 91' lang='lat' dir='ltr'><strong>Uni·</strong></span> 
     </span>
     <span class='ocr_line' id='line_1_3' title="bbox 694 797 1536 862; baseline -0.002 -13"><span class='ocrx_word' id='word_1_7' title='bbox 694 797 916 862; x_wconf 81' lang='lat' dir='ltr'><strong>genitus</strong></span> <span class='ocrx_word' id='word_1_8' title='bbox 934 802 1065 848; x_wconf 91' lang='lat' dir='ltr'><strong>tuus</strong></span> <span class='ocrx_word' id='word_1_9' title='bbox 1082 801 1250 848; x_wconf 86' lang='lat' dir='ltr'><strong>natus</strong></span> <span class='ocrx_word' id='word_1_10' title='bbox 1269 801 1357 847; x_wconf 91' lang='lat' dir='ltr'><strong>est</strong></span> <span class='ocrx_word' id='word_1_11' title='bbox 1377 809 1536 847; x_wconf 90' lang='lat' dir='ltr'><strong>mun·</strong></span> 
     </span>
     <span class='ocr_line' id='line_1_4' title="bbox 695 872 1537 944; baseline -0.002 -17"><span class='ocrx_word' id='word_1_12' title='bbox 695 875 796 927; x_wconf 90' lang='lat' dir='ltr'><strong>do:</strong></span> <span class='ocrx_word' id='word_1_13' title='bbox 834 872 1082 944; x_wconf 86' lang='lat' dir='ltr'><strong>concede</strong></span> <span class='ocrx_word' id='word_1_14' title='bbox 1115 873 1426 942; x_wconf 81' lang='lat' dir='ltr'><strong>propitius3</strong></span> <span class='ocrx_word' id='word_1_15' title='bbox 1472 879 1537 926; x_wconf 92' lang='lat' dir='ltr'><strong>ut</strong></span> 
     </span>
     <span class='ocr_line' id='line_1_5' title="bbox 694 952 1536 1019; baseline -0.002 -13"><span class='ocrx_word' id='word_1_16' title='bbox 694 952 813 1019; x_wconf 87' lang='lat' dir='ltr'><strong>ejus</strong></span> <span class='ocrx_word' id='word_1_17' title='bbox 848 952 1106 1019; x_wconf 86' lang='lat' dir='ltr'><strong>exemplo</strong></span> <span class='ocrx_word' id='word_1_18' title='bbox 1141 952 1368 1005; x_wconf 89' lang='lat' dir='ltr'><strong>terrena</strong></span> <span class='ocrx_word' id='word_1_19' title='bbox 1403 966 1536 1005; x_wconf 90' lang='lat' dir='ltr'><strong>cun-</strong></span> 
     </span>
     <span class='ocr_line' id='line_1_6' title="bbox 694 1028 1537 1098; baseline -0.002 -14"><span class='ocrx_word' id='word_1_20' title='bbox 694 1038 784 1084; x_wconf 86' lang='lat' dir='ltr'><strong>cta</strong></span> <span class='ocrx_word' id='word_1_21' title='bbox 833 1029 1206 1098; x_wconf 73' lang='lat' dir='ltr'><strong>despicientes</strong></span> <span class='ocrx_word' id='word_1_22' title='bbox 1219 1071 1232 1093; x_wconf 87' lang='lat'><strong>,</strong></span> <span class='ocrx_word' id='word_1_23' title='bbox 1286 1028 1537 1083; x_wconf 86' lang='lat' dir='ltr'><strong>coelestia</strong></span> 
     </span>
     <span class='ocr_line' id='line_1_7' title="bbox 692 1109 1539 1177; baseline -0.001 -15"><span class='ocrx_word' id='word_1_24' title='bbox 692 1109 961 1177; x_wconf 84' lang='lat' dir='ltr'><strong>consequi</strong></span> <span class='ocrx_word' id='word_1_25' title='bbox 1017 1109 1350 1162; x_wconf 71' lang='lat' dir='ltr'><strong>mercemur.</strong></span> <span class='ocrx_word' id='word_1_26' title='bbox 1425 1109 1539 1162; x_wconf 92' lang='lat' dir='ltr'><strong>Per</strong></span> 
     </span>
    </p>
   </div>
   <div class='ocr_carea' id='block_1_3' title="bbox 694 1185 1404 1316">
    <p class='ocr_par' dir='ltr' id='par_1_3' title="bbox 694 1185 1404 1316">
     <span class='ocr_line' id='line_1_8' title="bbox 694 1185 1313 1241; baseline 0 -1"><span class='ocrx_word' id='word_1_27' title='bbox 694 1185 956 1241; x_wconf 76' lang='lat' dir='ltr'><strong>eumdem</strong></span> <span class='ocrx_word' id='word_1_28' title='bbox 988 1186 1313 1240; x_wconf 82' lang='lat' dir='ltr'><strong>Dominum.</strong></span> 
     </span>
     <span class='ocr_line' id='line_1_9' title="bbox 762 1258 1404 1316; baseline 0.005 -9"><span class='ocrx_word' id='word_1_29' title='bbox 762 1258 832 1308; x_wconf 88' lang='lat' dir='ltr'><strong>Et</strong></span> <span class='ocrx_word' id='word_1_30' title='bbox 853 1260 911 1316; x_wconf 84' lang='lat' dir='ltr'><strong>fit</strong></span> <span class='ocrx_word' id='word_1_31' title='bbox 931 1274 1195 1309; x_wconf 80' lang='lat' dir='ltr'><strong>commem.</strong></span> <span class='ocrx_word' id='word_1_32' title='bbox 1219 1260 1404 1310; x_wconf 82' lang='lat' dir='ltr'><strong>Feriae.</strong></span> 
     </span>
    </p>
   </div>
   <div class='ocr_carea' id='block_1_4' title="bbox 702 1339 1537 1531">
    <p class='ocr_par' dir='ltr' id='par_1_4' title="bbox 702 1339 1537 1531">
     <span class='ocr_line' id='line_1_10' title="bbox 763 1339 1537 1390; baseline 0.001 -2"><span class='ocrx_word' id='word_1_33' title='bbox 763 1339 824 1388; x_wconf 88' lang='lat' dir='ltr'><strong>In</strong></span> <span class='ocrx_word' id='word_1_34' title='bbox 869 1339 912 1387; x_wconf 92' lang='grc' dir='ltr'><strong>Ι.</strong></span> <span class='ocrx_word' id='word_1_35' title='bbox 955 1339 1221 1389; x_wconf 85' lang='lat' dir='ltr'><strong>Nocturno</strong></span> <span class='ocrx_word' id='word_1_36' title='bbox 1265 1341 1537 1390; x_wconf 81' lang='lat' dir='ltr'>Lectiones</span> 
     </span>
     <span class='ocr_line' id='line_1_11' title="bbox 703 1410 1535 1460; baseline 0 -2"><span class='ocrx_word' id='word_1_37' title='bbox 703 1410 968 1458; x_wconf 82' lang='lat' dir='ltr'><strong>Mulierem</strong></span> <span class='ocrx_word' id='word_1_38' title='bbox 1006 1410 1206 1459; x_wconf 86' lang='lat' dir='ltr'><strong>fortem.</strong></span> <span class='ocrx_word' id='word_1_39' title='bbox 1252 1411 1315 1459; x_wconf 86' lang='lat' dir='ltr'><strong>de</strong></span> <span class='ocrx_word' id='word_1_40' title='bbox 1358 1411 1535 1460; x_wconf 87' lang='lat' dir='ltr'><strong>eodem</strong></span> 
     </span>
     <span class='ocr_line' id='line_1_12' title="bbox 702 1482 991 1531; baseline -0.014 0"><span class='ocrx_word' id='word_1_41' title='bbox 702 1482 991 1531; x_wconf 87' lang='lat' dir='ltr'><strong>Communi.</strong></span> 
     </span>
    </p>
   </div>
   <div class='ocr_carea' id='block_1_5' title="bbox 859 1588 1379 1643">
    <p class='ocr_par' dir='ltr' id='par_1_5' title="bbox 859 1588 1379 1643">
     <span class='ocr_line' id='line_1_13' title="bbox 859 1588 1379 1643; baseline 0.004 -2"><span class='ocrx_word' id='word_1_42' title='bbox 859 1588 931 1641; x_wconf 85' lang='lat' dir='ltr'><strong>In</strong></span> <span class='ocrx_word' id='word_1_43' title='bbox 963 1589 1036 1642; x_wconf 89' lang='lat'><strong>11.</strong></span> <span class='ocrx_word' id='word_1_44' title='bbox 1059 1589 1379 1643; x_wconf 60' lang='lat' dir='ltr'><strong>Nocturna</strong></span> 
     </span>
    </p>
   </div>
   <div class='ocr_carea' id='block_1_6' title="bbox 754 1676 1475 1830">
    <p class='ocr_par' dir='ltr' id='par_1_6' title="bbox 754 1676 1475 1830">
     <span class='ocr_line' id='line_1_14' title="bbox 970 1676 1263 1732; baseline 0.003 -2"><span class='ocrx_word' id='word_1_45' title='bbox 970 1676 1166 1732; x_wconf 82' lang='lat' dir='ltr'>Lectio</span> <span class='ocrx_word' id='word_1_46' title='bbox 1191 1678 1263 1732; x_wconf 86' lang='lat' dir='ltr'><strong>iv.</strong></span> 
     </span>
     <span class='ocr_line' id='line_1_15' title="bbox 754 1763 1475 1830; baseline 0.004 -18"><span class='ocrx_word' id='word_1_47' title='bbox 754 1764 835 1813; x_wconf 84' lang='lat' dir='ltr'><strong>Ex</strong></span> <span class='ocrx_word' id='word_1_48' title='bbox 856 1763 954 1828; x_wconf 89' lang='lat' dir='ltr'><strong>Ep.</strong></span> <span class='ocrx_word' id='word_1_49' title='bbox 974 1765 1050 1813; x_wconf 77' lang='lat'><strong>27,</strong></span> <span class='ocrx_word' id='word_1_50' title='bbox 1074 1766 1126 1815; x_wconf 80' lang='lat' dir='ltr'><strong>S.</strong></span> <span class='ocrx_word' id='word_1_51' title='bbox 1152 1766 1198 1814; x_wconf 88' lang='lat' dir='ltr'>H</span> <span class='ocrx_word' id='word_1_52' title='bbox 1207 1767 1475 1830; x_wconf 74' lang='lat' dir='ltr'><strong>ieronymi,</strong></span> 
     </span>
    </p>
   </div>
   <div class='ocr_carea' id='block_1_7' title="bbox 691 1853 1542 3083">
    <p class='ocr_par' dir='ltr' id='par_1_7' title="bbox 691 1853 1542 3083">
     <span class='ocr_line' id='line_1_16' title="bbox 750 1853 1537 1956; baseline 0.001 -50"><span class='ocrx_word' id='word_1_53' title='bbox 750 1876 828 1956; x_wconf 58' lang='grc' dir='ltr'><strong>Γ)</strong></span> <span class='ocrx_word' id='word_1_54' title='bbox 871 1854 1002 1907; x_wconf 89' lang='lat' dir='ltr'><strong>aula</strong></span> <span class='ocrx_word' id='word_1_55' title='bbox 1039 1853 1298 1908; x_wconf 80' lang='lat' dir='ltr'><strong>matrona</strong></span> <span class='ocrx_word' id='word_1_56' title='bbox 1329 1854 1537 1907; x_wconf 78' lang='lat' dir='ltr'><strong>Roma-</strong></span> 
     </span>
     <span class='ocr_line' id='line_1_17' title="bbox 764 1932 1536 1998; baseline -0.005 -8"><span class='ocrx_word' id='word_1_57' title='bbox 764 1937 789 1998; x_wconf 66' lang='lat'><strong>[3³</strong></span> <span class='ocrx_word' id='word_1_58' title='bbox 896 1948 969 1986; x_wconf 91' lang='lat' dir='ltr'><strong>na</strong></span> <span class='ocrx_word' id='word_1_59' title='bbox 1006 1949 1038 1987; x_wconf 93' lang='lat' dir='ltr'><strong>e</strong></span> <span class='ocrx_word' id='word_1_60' title='bbox 1063 1932 1417 1986; x_wconf 87' lang='lat' dir='ltr'><strong>nobilissimo</strong></span> <span class='ocrx_word' id='word_1_61' title='bbox 1454 1947 1536 1986; x_wconf 88' lang='lat' dir='ltr'><strong>se-</strong></span> 
     </span>
     <span class='ocr_line' id='line_1_18' title="bbox 750 1965 1536 2079; baseline 0 -15"><span class='ocrx_word' id='word_1_62' title='bbox 750 1965 785 2049; x_wconf 42' lang='lat' dir='ltr'><strong>h*</strong></span> <span class='ocrx_word' id='word_1_63' title='bbox 891 2013 1159 2066; x_wconf 81' lang='lat' dir='ltr'><strong>natorum</strong></span> <span class='ocrx_word' id='word_1_64' title='bbox 1185 2013 1407 2079; x_wconf 86' lang='lat' dir='ltr'><strong>genere,</strong></span> <span class='ocrx_word' id='word_1_65' title='bbox 1434 2012 1536 2066; x_wconf 90' lang='lat' dir='ltr'><strong>sed</strong></span> 
     </span>
     <span class='ocr_line' id='line_1_19' title="bbox 697 2089 1537 2144; baseline 0.002 -4"><span class='ocrx_word' id='word_1_66' title='bbox 697 2090 827 2142; x_wconf 82' lang='lat' dir='ltr'><strong>vitae</strong></span> <span class='ocrx_word' id='word_1_67' title='bbox 855 2091 1153 2144; x_wconf 60' lang='lat' dir='ltr'><strong>sanctitate</strong></span> <span class='ocrx_word' id='word_1_68' title='bbox 1178 2089 1356 2143; x_wconf 85' lang='lat' dir='ltr'><strong>multo</strong></span> <span class='ocrx_word' id='word_1_69' title='bbox 1375 2090 1537 2143; x_wconf 85' lang='lat' dir='ltr'><strong>nobi·</strong></span> 
     </span>
     <span class='ocr_line' id='line_1_20' title="bbox 693 2166 1536 2236; baseline 0.001 -17"><span class='ocrx_word' id='word_1_70' title='bbox 693 2166 818 2234; x_wconf 91' lang='lat' dir='ltr'><strong>lior,</strong></span> <span class='ocrx_word' id='word_1_71' title='bbox 845 2168 1071 2221; x_wconf 81' lang='lat' dir='ltr'><strong>mortuo</strong></span> <span class='ocrx_word' id='word_1_72' title='bbox 1092 2167 1355 2229; x_wconf 81' lang='lat' dir='ltr'><strong>ToxotiO,</strong></span> <span class='ocrx_word' id='word_1_73' title='bbox 1382 2168 1536 2236; x_wconf 88' lang='lat' dir='ltr'><strong>paris</strong></span> 
     </span>
     <span class='ocr_line' id='line_1_21' title="bbox 696 2244 1537 2314; baseline 0.004 -18"><span class='ocrx_word' id='word_1_74' title='bbox 696 2244 1007 2298; x_wconf 74' lang='lat' dir='ltr'><strong>nobilitatis</strong></span> <span class='ocrx_word' id='word_1_75' title='bbox 1021 2245 1159 2308; x_wconf 86' lang='lat' dir='ltr'><strong>viro,</strong></span> <span class='ocrx_word' id='word_1_76' title='bbox 1179 2245 1268 2298; x_wconf 90' lang='lat' dir='ltr'><strong>cui</strong></span> <span class='ocrx_word' id='word_1_77' title='bbox 1284 2245 1537 2314; x_wconf 90' lang='lat' dir='ltr'><strong>quinque</strong></span> 
     </span>
     <span class='ocr_line' id='line_1_22' title="bbox 691 2321 1537 2389; baseline 0.005 -16"><span class='ocrx_word' id='word_1_78' title='bbox 691 2321 905 2376; x_wconf 90' lang='lat' dir='ltr'><strong>liberos</strong></span> <span class='ocrx_word' id='word_1_79' title='bbox 942 2322 1217 2389; x_wconf 73' lang='lat' dir='ltr'>ediderat,</span> <span class='ocrx_word' id='word_1_80' title='bbox 1261 2331 1436 2377; x_wconf 90' lang='lat' dir='ltr'><strong>totam</strong></span> <span class='ocrx_word' id='word_1_81' title='bbox 1475 2340 1537 2377; x_wconf 88' lang='lat' dir='ltr'><strong>se</strong></span> 
     </span>
     <span class='ocr_line' id='line_1_23' title="bbox 694 2401 1538 2471; baseline 0.005 -18"><span class='ocrx_word' id='word_1_82' title='bbox 694 2401 768 2453; x_wconf 89' lang='lat' dir='ltr'><strong>ad</strong></span> <span class='ocrx_word' id='word_1_83' title='bbox 801 2401 1107 2455; x_wconf 84' lang='lat' dir='ltr'><strong>Dominum</strong></span> <span class='ocrx_word' id='word_1_84' title='bbox 1146 2402 1443 2471; x_wconf 88' lang='lat' dir='ltr'><strong>convertit,</strong></span> <span class='ocrx_word' id='word_1_85' title='bbox 1482 2410 1538 2457; x_wconf 88' lang='lat' dir='ltr'><strong>et</strong></span> 
     </span>
     <span class='ocr_line' id='line_1_24' title="bbox 694 2479 1537 2549; baseline 0.002 -17"><span class='ocrx_word' id='word_1_86' title='bbox 694 2479 954 2548; x_wconf 78' lang='lat' dir='ltr'><strong>copiesas</strong></span> <span class='ocrx_word' id='word_1_87' title='bbox 998 2481 1171 2549; x_wconf 91' lang='lat' dir='ltr'><strong>coepit</strong></span> <span class='ocrx_word' id='word_1_88' title='bbox 1209 2480 1434 2534; x_wconf 87' lang='lat' dir='ltr'><strong>divitias</strong></span> <span class='ocrx_word' id='word_1_89' title='bbox 1479 2481 1537 2534; x_wconf 90' lang='lat' dir='ltr'><strong>in</strong></span> 
     </span>
     <span class='ocr_line' id='line_1_25' title="bbox 697 2556 1537 2628; baseline 0.001 -16"><span class='ocrx_word' id='word_1_90' title='bbox 697 2556 907 2612; x_wconf 86' lang='lat' dir='ltr'><strong>Christi</strong></span> <span class='ocrx_word' id='word_1_91' title='bbox 942 2559 1222 2628; x_wconf 64' lang='lat' dir='ltr'><strong>peuperes</strong></span> <span class='ocrx_word' id='word_1_92' title='bbox 1259 2566 1419 2613; x_wconf 90' lang='lat' dir='ltr'><strong>tanto</strong></span> <span class='ocrx_word' id='word_1_93' title='bbox 1456 2559 1537 2613; x_wconf 85' lang='lat' dir='ltr'><strong>af-</strong></span> 
     </span>
     <span class='ocr_line' id='line_1_26' title="bbox 696 2636 1539 2705; baseline 0.005 -17"><span class='ocrx_word' id='word_1_94' title='bbox 696 2636 847 2689; x_wconf 87' lang='lat' dir='ltr'><strong>fectu</strong></span> <span class='ocrx_word' id='word_1_95' title='bbox 885 2637 1135 2705; x_wconf 64' lang='lat' dir='ltr'><strong>erogare,</strong></span> <span class='ocrx_word' id='word_1_96' title='bbox 1183 2644 1246 2691; x_wconf 92' lang='lat' dir='ltr'><strong>ut</strong></span> <span class='ocrx_word' id='word_1_97' title='bbox 1283 2653 1382 2692; x_wconf 91' lang='lat' dir='ltr'><strong>eos</strong></span> <span class='ocrx_word' id='word_1_98' title='bbox 1418 2645 1539 2692; x_wconf 88' lang='lat' dir='ltr'><strong>tota</strong></span> 
     </span>
     <span class='ocr_line' id='line_1_27' title="bbox 695 2713 1539 2782; baseline 0 -13"><span class='ocrx_word' id='word_1_99' title='bbox 695 2714 854 2769; x_wconf 85' lang='lat' dir='ltr'><strong>Urbe</strong></span> <span class='ocrx_word' id='word_1_100' title='bbox 899 2713 1278 2782; x_wconf 80' lang='lat' dir='ltr'><strong>perquireret,</strong></span> <span class='ocrx_word' id='word_1_101' title='bbox 1333 2722 1389 2769; x_wconf 88' lang='lat' dir='ltr'><strong>et</strong></span> <span class='ocrx_word' id='word_1_102' title='bbox 1443 2716 1539 2769; x_wconf 89' lang='lat' dir='ltr'><strong>da-</strong></span> 
     </span>
     <span class='ocr_line' id='line_1_28' title="bbox 694 2793 1539 2860; baseline 0.004 -16"><span class='ocrx_word' id='word_1_103' title='bbox 694 2807 888 2845; x_wconf 90' lang='lat' dir='ltr'><strong>mnum</strong></span> <span class='ocrx_word' id='word_1_104' title='bbox 936 2793 1187 2860; x_wconf 63' lang='lat' dir='ltr'><strong>puteret,</strong></span> <span class='ocrx_word' id='word_1_105' title='bbox 1234 2796 1320 2859; x_wconf 90' lang='lat' dir='ltr'><strong>(ut</strong></span> <span class='ocrx_word' id='word_1_106' title='bbox 1366 2794 1437 2847; x_wconf 88' lang='lat' dir='ltr'><strong>de</strong></span> <span class='ocrx_word' id='word_1_107' title='bbox 1473 2808 1539 2847; x_wconf 88' lang='lat' dir='ltr'><strong>ea</strong></span> 
     </span>
     <span class='ocr_line' id='line_1_29' title="bbox 695 2870 1540 2938; baseline 0 -14"><span class='ocrx_word' id='word_1_108' title='bbox 695 2878 923 2924; x_wconf 87' lang='lat' dir='ltr'><strong>sanctus</strong></span> <span class='ocrx_word' id='word_1_109' title='bbox 968 2870 1353 2938; x_wconf 80' lang='lat' dir='ltr'><strong>Hieronymus</strong></span> <span class='ocrx_word' id='word_1_110' title='bbox 1408 2873 1540 2926; x_wconf 91' lang='lat' dir='ltr'><strong>scri-</strong></span> 
     </span>
     <span class='ocr_line' id='line_1_30' title="bbox 694 2948 1540 3017; baseline 0.002 -15"><span class='ocrx_word' id='word_1_111' title='bbox 694 2948 798 3014; x_wconf 91' lang='lat' dir='ltr'><strong>bit)</strong></span> <span class='ocrx_word' id='word_1_112' title='bbox 830 2948 877 3001; x_wconf 91' lang='lat' dir='ltr'><strong>si</strong></span> <span class='ocrx_word' id='word_1_113' title='bbox 906 2948 1206 3017; x_wconf 88' lang='lat' dir='ltr'><strong>quisquam</strong></span> <span class='ocrx_word' id='word_1_114' title='bbox 1233 2949 1454 3017; x_wconf 89' lang='lat' dir='ltr'><strong>debilis,</strong></span> <span class='ocrx_word' id='word_1_115' title='bbox 1484 2957 1540 3004; x_wconf 89' lang='lat' dir='ltr'><strong>et</strong></span> 
     </span>
     <span class='ocr_line' id='line_1_31' title="bbox 696 3026 1542 3083; baseline 0.002 -4"><span class='ocrx_word' id='word_1_116' title='bbox 696 3026 948 3080; x_wconf 73' lang='lat' dir='ltr'><strong>esuriens</strong></span> <span class='ocrx_word' id='word_1_117' title='bbox 974 3026 1100 3079; x_wconf 89' lang='lat' dir='ltr'><strong>cibo</strong></span> <span class='ocrx_word' id='word_1_118' title='bbox 1126 3030 1542 3083; x_wconf 75' lang='lat' dir='ltr'><strong>sustentaretur</strong></span> 
     </span>
    </p>
   </div>
   <div class='ocr_carea' id='block_1_8' title="bbox 693 1857 869 2067">
    <p class='ocr_par' dir='ltr' id='par_1_8' title="bbox 693 1857 869 2067">
     <span class='ocr_line' id='line_1_32' title="bbox 693 1857 869 2067; baseline 0 0"><span class='ocrx_word' id='word_1_119' title='bbox 693 1857 869 2067; x_wconf 95' lang='lat' dir='ltr'><strong>  </strong></span> 
     </span>
    </p>
   </div>
   <div class='ocr_carea' id='block_1_9' title="bbox 693 3105 1542 3487">
    <p class='ocr_par' dir='ltr' id='par_1_9' title="bbox 693 3105 1542 3487">
     <span class='ocr_line' id='line_1_33' title="bbox 697 3105 1539 3174; baseline 0.006 -17"><span class='ocrx_word' id='word_1_120' title='bbox 697 3105 952 3159; x_wconf 87' lang='lat' dir='ltr'><strong>alterius:</strong></span> <span class='ocrx_word' id='word_1_121' title='bbox 990 3120 1106 3174; x_wconf 94' lang='lat' dir='ltr'><strong>quo</strong></span> <span class='ocrx_word' id='word_1_122' title='bbox 1133 3106 1192 3158; x_wconf 91' lang='lat' dir='ltr'><strong>in</strong></span> <span class='ocrx_word' id='word_1_123' title='bbox 1229 3107 1420 3162; x_wconf 78' lang='lat' dir='ltr'><strong>studio</strong></span> <span class='ocrx_word' id='word_1_124' title='bbox 1447 3123 1539 3161; x_wconf 92' lang='lat' dir='ltr'><strong>us-</strong></span> 
     </span>
     <span class='ocr_line' id='line_1_34' title="bbox 696 3184 1540 3255; baseline 0.004 -18"><span class='ocrx_word' id='word_1_125' title='bbox 696 3199 808 3252; x_wconf 90' lang='lat' dir='ltr'><strong>que</strong></span> <span class='ocrx_word' id='word_1_126' title='bbox 856 3184 930 3237; x_wconf 88' lang='lat' dir='ltr'><strong>ad</strong></span> <span class='ocrx_word' id='word_1_127' title='bbox 982 3192 1225 3239; x_wconf 87' lang='lat' dir='ltr'><strong>mortem</strong></span> <span class='ocrx_word' id='word_1_128' title='bbox 1277 3187 1540 3255; x_wconf 87' lang='lat' dir='ltr'><strong>perseve-</strong></span> 
     </span>
     <span class='ocr_line' id='line_1_35' title="bbox 694 3263 1542 3331; baseline 0.005 -16"><span class='ocrx_word' id='word_1_129' title='bbox 694 3278 853 3331; x_wconf 71' lang='lat' dir='ltr'><strong>ram,</strong></span> <span class='ocrx_word' id='word_1_130' title='bbox 902 3263 1126 3317; x_wconf 87' lang='lat' dir='ltr'><strong>dicebat</strong></span> <span class='ocrx_word' id='word_1_131' title='bbox 1156 3264 1442 3319; x_wconf 89' lang='lat' dir='ltr'><strong>interdum</strong></span> <span class='ocrx_word' id='word_1_132' title='bbox 1479 3280 1542 3319; x_wconf 88' lang='lat' dir='ltr'><strong>se</strong></span> 
     </span>
     <span class='ocr_line' id='line_1_36' title="bbox 693 3339 1541 3408; baseline 0.006 -16"><span class='ocrx_word' id='word_1_133' title='bbox 693 3339 753 3391; x_wconf 89' lang='lat' dir='ltr'><strong>id</strong></span> <span class='ocrx_word' id='word_1_134' title='bbox 788 3341 907 3394; x_wconf 87' lang='lat' dir='ltr'><strong>voti</strong></span> <span class='ocrx_word' id='word_1_135' title='bbox 942 3341 1177 3408; x_wconf 87' lang='lat' dir='ltr'><strong>habere,</strong></span> <span class='ocrx_word' id='word_1_136' title='bbox 1224 3349 1287 3397; x_wconf 90' lang='lat' dir='ltr'><strong>ut</strong></span> <span class='ocrx_word' id='word_1_137' title='bbox 1323 3343 1541 3397; x_wconf 89' lang='lat' dir='ltr'><strong>mendi·</strong></span> 
     </span>
     <span class='ocr_line' id='line_1_37' title="bbox 698 3421 1539 3487; baseline 0.01 -19"><span class='ocrx_word' id='word_1_138' title='bbox 698 3431 833 3470; x_wconf 89' lang='lat' dir='ltr'><strong>cans</strong></span> <span class='ocrx_word' id='word_1_139' title='bbox 869 3421 1203 3487; x_wconf 87' lang='lat' dir='ltr'><strong>moreretur,</strong></span> <span class='ocrx_word' id='word_1_140' title='bbox 1248 3428 1305 3475; x_wconf 93' lang='lat' dir='ltr'><strong>et</strong></span> <span class='ocrx_word' id='word_1_141' title='bbox 1339 3422 1400 3475; x_wconf 89' lang='lat' dir='ltr'><strong>in</strong></span> <span class='ocrx_word' id='word_1_142' title='bbox 1435 3437 1539 3475; x_wconf 93' lang='lat' dir='ltr'><strong>suo</strong></span> 
     </span>
    </p>
   </div>
   <div class='ocr_carea' id='block_1_10' title="bbox 695 3491 1544 3553">
    <p class='ocr_par' dir='ltr' id='par_1_10' title="bbox 695 3491 1544 3553">
     <span class='ocr_line' id='line_1_38' title="bbox 695 3491 1544 3553; baseline 0.012 -9"><span class='ocrx_word' id='word_1_143' title='bbox 695 3491 897 3548; x_wconf 79' lang='lat' dir='ltr'><strong>funere</strong></span> <span class='ocrx_word' id='word_1_144' title='bbox 913 3496 1095 3549; x_wconf 87' lang='lat' dir='ltr'><strong>aliena</strong></span> <span class='ocrx_word' id='word_1_145' title='bbox 1113 3497 1357 3553; x_wconf 79' lang='lat' dir='ltr'><strong>sindone</strong></span> <span class='ocrx_word' id='word_1_146' title='bbox 1372 3499 1544 3553; x_wconf 87' lang='lat' dir='ltr'><strong>invol-</strong></span> 
     </span>
    </p>
   </div>
   <div class='ocr_carea' id='block_1_11' title="bbox 1251 581 1870 646">
    <p class='ocr_par' dir='ltr' id='par_1_11' title="bbox 1251 581 1870 646">
     <span class='ocr_line' id='line_1_39' title="bbox 1251 581 1870 646; baseline 0.003 -16"><span class='ocrx_word' id='word_1_147' title='bbox 1251 584 1405 630; x_wconf 81' lang='lat' dir='ltr'><strong>Festa</strong></span> <span class='ocrx_word' id='word_1_148' title='bbox 1427 581 1716 632; x_wconf 82' lang='lat' dir='ltr'><strong>Februarii.</strong></span> <span class='ocrx_word' id='word_1_149' title='bbox 1749 583 1870 646; x_wconf 82' lang='lat'>(21.)</span> 
     </span>
    </p>
   </div>
   <div class='ocr_carea' id='block_1_12' title="bbox 1586 711 2442 1569">
    <p class='ocr_par' dir='ltr' id='par_1_12' title="bbox 1586 711 2442 1569">
     <span class='ocr_line' id='line_1_40' title="bbox 1588 711 2439 769; baseline -0.001 -1"><span class='ocrx_word' id='word_1_150' title='bbox 1588 714 1832 769; x_wconf 86' lang='lat' dir='ltr'><strong>veretur.</strong></span> <span class='ocrx_word' id='word_1_151' title='bbox 1906 711 2048 767; x_wconf 91' lang='lat' dir='ltr'><strong>Cum</strong></span> <span class='ocrx_word' id='word_1_152' title='bbox 2106 718 2293 766; x_wconf 88' lang='lat' dir='ltr'><strong>autem</strong></span> <span class='ocrx_word' id='word_1_153' title='bbox 2358 714 2439 767; x_wconf 92' lang='lat' dir='ltr'><strong>ob</strong></span> 
     </span>
     <span class='ocr_line' id='line_1_41' title="bbox 1589 791 2441 861; baseline -0.001 -15"><span class='ocrx_word' id='word_1_154' title='bbox 1589 792 1865 861; x_wconf 88' lang='lat' dir='ltr'><strong>quasdam</strong></span> <span class='ocrx_word' id='word_1_155' title='bbox 1901 791 2285 846; x_wconf 69' lang='lat' dir='ltr'><strong>Ecclesierum</strong></span> <span class='ocrx_word' id='word_1_156' title='bbox 2322 792 2441 845; x_wconf 90' lang='lat' dir='ltr'><strong>dis·</strong></span> 
     </span>
     <span class='ocr_line' id='line_1_42' title="bbox 1588 870 2440 939; baseline -0.001 -13"><span class='ocrx_word' id='word_1_157' title='bbox 1588 874 1894 939; x_wconf 48' lang='lat' dir='ltr'><strong>sensionem</strong></span> <span class='ocrx_word' id='word_1_158' title='bbox 1923 870 2168 926; x_wconf 76' lang='lat' dir='ltr'><strong>Orientis</strong></span> <span class='ocrx_word' id='word_1_159' title='bbox 2197 877 2252 925; x_wconf 91' lang='lat' dir='ltr'><strong>et</strong></span> <span class='ocrx_word' id='word_1_160' title='bbox 2275 871 2440 927; x_wconf 90' lang='lat' dir='ltr'><strong>Occi-</strong></span> 
     </span>
     <span class='ocr_line' id='line_1_43' title="bbox 1587 950 2440 1019; baseline -0.001 -14"><span class='ocrx_word' id='word_1_161' title='bbox 1587 952 1771 1006; x_wconf 88' lang='lat' dir='ltr'><strong>dentis</strong></span> <span class='ocrx_word' id='word_1_162' title='bbox 1842 950 2105 1019; x_wconf 79' lang='lat' dir='ltr'><strong>Episcopi</strong></span> <span class='ocrx_word' id='word_1_163' title='bbox 2169 950 2440 1019; x_wconf 88' lang='lat' dir='ltr'><strong>Romam,</strong></span> 
     </span>
     <span class='ocr_line' id='line_1_44' title="bbox 1587 1027 2441 1099; baseline 0.001 -15"><span class='ocrx_word' id='word_1_164' title='bbox 1587 1038 1784 1084; x_wconf 90' lang='lat' dir='ltr'><strong>sancto</strong></span> <span class='ocrx_word' id='word_1_165' title='bbox 1837 1029 2089 1082; x_wconf 77' lang='lat' dir='ltr'><strong>Damaso</strong></span> <span class='ocrx_word' id='word_1_166' title='bbox 2138 1027 2441 1099; x_wconf 86' lang='lat' dir='ltr'><strong>Pontifice,</strong></span> 
     </span>
     <span class='ocr_line' id='line_1_45' title="bbox 1588 1108 2441 1177; baseline -0.001 -14"><span class='ocrx_word' id='word_1_167' title='bbox 1588 1108 2003 1175; x_wconf 86' lang='lat' dir='ltr'><strong>convenissent,</strong></span> <span class='ocrx_word' id='word_1_168' title='bbox 2023 1116 2281 1162; x_wconf 90' lang='lat' dir='ltr'><strong>sanctum</strong></span> <span class='ocrx_word' id='word_1_169' title='bbox 2302 1108 2441 1177; x_wconf 87' lang='lat' dir='ltr'><strong>Epi-</strong></span> 
     </span>
     <span class='ocr_line' id='line_1_46' title="bbox 1587 1185 2442 1256; baseline 0.001 -16"><span class='ocrx_word' id='word_1_170' title='bbox 1587 1187 1876 1256; x_wconf 72' lang='lat' dir='ltr'><strong>phaniam,</strong></span> <span class='ocrx_word' id='word_1_171' title='bbox 1912 1185 2216 1241; x_wconf 84' lang='lat' dir='ltr'><strong>Salaminae</strong></span> <span class='ocrx_word' id='word_1_172' title='bbox 2254 1187 2442 1256; x_wconf 85' lang='lat' dir='ltr'><strong>Cypri</strong></span> 
     </span>
     <span class='ocr_line' id='line_1_47' title="bbox 1590 1264 2442 1335; baseline 0 -15"><span class='ocrx_word' id='word_1_173' title='bbox 1590 1265 1954 1335; x_wconf 84' lang='lat' dir='ltr'><strong>Episcopum,</strong></span> <span class='ocrx_word' id='word_1_174' title='bbox 1989 1264 2239 1333; x_wconf 90' lang='lat' dir='ltr'><strong>hospitio</strong></span> <span class='ocrx_word' id='word_1_175' title='bbox 2272 1267 2442 1320; x_wconf 86' lang='lat' dir='ltr'><strong>exce-</strong></span> 
     </span>
     <span class='ocr_line' id='line_1_48' title="bbox 1589 1342 2442 1412; baseline 0.002 -16"><span class='ocrx_word' id='word_1_176' title='bbox 1589 1344 1688 1412; x_wconf 88' lang='lat' dir='ltr'><strong>pit,</strong></span> <span class='ocrx_word' id='word_1_177' title='bbox 1707 1350 1762 1398; x_wconf 92' lang='lat' dir='ltr'><strong>et</strong></span> <span class='ocrx_word' id='word_1_178' title='bbox 1783 1343 2090 1397; x_wconf 86' lang='lat' dir='ltr'><strong>Paulinum</strong></span> <span class='ocrx_word' id='word_1_179' title='bbox 2108 1342 2442 1398; x_wconf 78' lang='lat' dir='ltr'><strong>Antiochiae</strong></span> 
     </span>
     <span class='ocr_line' id='line_1_49' title="bbox 1586 1421 2442 1476; baseline -0.001 0"><span class='ocrx_word' id='word_1_180' title='bbox 1586 1422 1851 1476; x_wconf 82' lang='lat' dir='ltr'><strong>omnibus</strong></span> <span class='ocrx_word' id='word_1_181' title='bbox 1914 1421 2166 1476; x_wconf 71' lang='lat' dir='ltr'><strong>caritatis</strong></span> <span class='ocrx_word' id='word_1_182' title='bbox 2228 1421 2442 1476; x_wconf 88' lang='lat' dir='ltr'><strong>officiis</strong></span> 
     </span>
     <span class='ocr_line' id='line_1_50' title="bbox 1587 1501 2442 1569; baseline 0.002 -16"><span class='ocrx_word' id='word_1_183' title='bbox 1587 1501 1772 1554; x_wconf 83' lang='lat' dir='ltr'><strong>colere</strong></span> <span class='ocrx_word' id='word_1_184' title='bbox 1795 1501 2039 1569; x_wconf 77' lang='lat' dir='ltr'><strong>studuit3</strong></span> <span class='ocrx_word' id='word_1_185' title='bbox 2072 1515 2316 1568; x_wconf 92' lang='lat' dir='ltr'><strong>quorum</strong></span> <span class='ocrx_word' id='word_1_186' title='bbox 2347 1516 2442 1555; x_wconf 86' lang='lat' dir='ltr'><strong>ac·</strong></span> 
     </span>
    </p>
   </div>
   <div class='ocr_carea' id='block_1_13' title="bbox 1543 1579 2442 1648">
    <p class='ocr_par' dir='ltr' id='par_1_13' title="bbox 1543 1579 2442 1648">
     <span class='ocr_line' id='line_1_51' title="bbox 1543 1579 2442 1648; baseline 0 -15"><span class='ocrx_word' id='word_1_187' title='bbox 1543 1581 1555 1590; x_wconf 60' lang='lat'><strong>⁴</strong></span> <span class='ocrx_word' id='word_1_188' title='bbox 1587 1581 1755 1633; x_wconf 89' lang='lat' dir='ltr'><strong>censa</strong></span> <span class='ocrx_word' id='word_1_189' title='bbox 1804 1579 2134 1646; x_wconf 76' lang='lat' dir='ltr'><strong>virtutibuS,</strong></span> <span class='ocrx_word' id='word_1_190' title='bbox 2187 1579 2442 1648; x_wconf 68' lang='lat' dir='ltr'><strong>petriam</strong></span> 
     </span>
    </p>
   </div>
   <div class='ocr_carea' id='block_1_14' title="bbox 1586 1657 2440 3141">
    <p class='ocr_par' dir='ltr' id='par_1_14' title="bbox 1586 1657 2440 3141">
     <span class='ocr_line' id='line_1_52' title="bbox 1588 1657 2439 1727; baseline 0.002 -16"><span class='ocrx_word' id='word_1_191' title='bbox 1588 1657 1849 1712; x_wconf 87' lang='lat' dir='ltr'><strong>deserere</strong></span> <span class='ocrx_word' id='word_1_192' title='bbox 1868 1664 1924 1711; x_wconf 88' lang='lat' dir='ltr'><strong>et</strong></span> <span class='ocrx_word' id='word_1_193' title='bbox 1947 1658 2021 1711; x_wconf 88' lang='lat' dir='ltr'><strong>ad</strong></span> <span class='ocrx_word' id='word_1_194' title='bbox 2034 1659 2285 1712; x_wconf 89' lang='lat' dir='ltr'><strong>eremum</strong></span> <span class='ocrx_word' id='word_1_195' title='bbox 2306 1660 2439 1727; x_wconf 84' lang='lat' dir='ltr'><strong>per-</strong></span> 
     </span>
     <span class='ocr_line' id='line_1_53' title="bbox 1586 1736 2440 1805; baseline 0 -14"><span class='ocrx_word' id='word_1_196' title='bbox 1586 1753 1717 1805; x_wconf 82' lang='lat' dir='ltr'><strong>gere</strong></span> <span class='ocrx_word' id='word_1_197' title='bbox 1734 1737 2026 1804; x_wconf 75' lang='lat' dir='ltr'><strong>gestiebat.</strong></span> <span class='ocrx_word' id='word_1_198' title='bbox 2064 1736 2253 1802; x_wconf 88' lang='lat' dir='ltr'><strong>Quare</strong></span> <span class='ocrx_word' id='word_1_199' title='bbox 2271 1738 2440 1791; x_wconf 90' lang='lat' dir='ltr'><strong>urbis</strong></span> 
     </span>
     <span class='ocr_line' id='line_1_54' title="bbox 1589 1814 2440 1883; baseline 0.001 -15"><span class='ocrx_word' id='word_1_200' title='bbox 1589 1814 1983 1883; x_wconf 73' lang='lat' dir='ltr'><strong>frequentiam,</strong></span> <span class='ocrx_word' id='word_1_201' title='bbox 2002 1822 2058 1868; x_wconf 91' lang='lat' dir='ltr'><strong>et</strong></span> <span class='ocrx_word' id='word_1_202' title='bbox 2076 1829 2176 1868; x_wconf 89' lang='lat' dir='ltr'><strong>ora</strong></span> <span class='ocrx_word' id='word_1_203' title='bbox 2196 1815 2440 1869; x_wconf 72' lang='lat' dir='ltr'><strong>laudau-</strong></span> 
     </span>
     <span class='ocr_line' id='line_1_55' title="bbox 1588 1892 2439 1961; baseline 0.001 -13"><span class='ocrx_word' id='word_1_204' title='bbox 1588 1894 1730 1948; x_wconf 88' lang='lat' dir='ltr'><strong>tium</strong></span> <span class='ocrx_word' id='word_1_205' title='bbox 1780 1892 1975 1960; x_wconf 77' lang='lat' dir='ltr'><strong>fugere</strong></span> <span class='ocrx_word' id='word_1_206' title='bbox 2022 1893 2325 1961; x_wconf 80' lang='lat' dir='ltr'><strong>festinanS,</strong></span> <span class='ocrx_word' id='word_1_207' title='bbox 2380 1902 2439 1949; x_wconf 87' lang='lat' dir='ltr'><strong>et</strong></span> 
     </span>
     <span class='ocr_line' id='line_1_56' title="bbox 1588 1971 2438 2044; baseline 0.004 -16"><span class='ocrx_word' id='word_1_208' title='bbox 1588 1972 1885 2044; x_wconf 61' lang='lat' dir='ltr'><strong>parvulam</strong></span> <span class='ocrx_word' id='word_1_209' title='bbox 1932 1971 2261 2027; x_wconf 88' lang='lat' dir='ltr'><strong>Bethlehem</strong></span> <span class='ocrx_word' id='word_1_210' title='bbox 2316 1975 2438 2030; x_wconf 88' lang='lat' dir='ltr'><strong>Ro·</strong></span> 
     </span>
     <span class='ocr_line' id='line_1_57' title="bbox 1588 2051 2438 2121; baseline 0.001 -14"><span class='ocrx_word' id='word_1_211' title='bbox 1588 2069 1697 2107; x_wconf 85' lang='lat' dir='ltr'><strong>mae</strong></span> <span class='ocrx_word' id='word_1_212' title='bbox 1733 2051 2005 2121; x_wconf 83' lang='lat' dir='ltr'><strong>praeferre</strong></span> <span class='ocrx_word' id='word_1_213' title='bbox 2039 2051 2261 2116; x_wconf 78' lang='lat' dir='ltr'><strong>volens,</strong></span> <span class='ocrx_word' id='word_1_214' title='bbox 2309 2058 2438 2108; x_wconf 88' lang='lat' dir='ltr'><strong>tan-</strong></span> 
     </span>
     <span class='ocr_line' id='line_1_58' title="bbox 1588 2130 2437 2198; baseline 0.002 -13"><span class='ocrx_word' id='word_1_215' title='bbox 1588 2133 1717 2185; x_wconf 89' lang='lat' dir='ltr'><strong>dem</strong></span> <span class='ocrx_word' id='word_1_216' title='bbox 1746 2131 1820 2184; x_wconf 89' lang='lat' dir='ltr'><strong>ad</strong></span> <span class='ocrx_word' id='word_1_217' title='bbox 1849 2135 2078 2198; x_wconf 92' lang='lat' dir='ltr'><strong>portum</strong></span> <span class='ocrx_word' id='word_1_218' title='bbox 2106 2130 2437 2187; x_wconf 63' lang='lat' dir='ltr'><strong>Romanum</strong></span> 
     </span>
     <span class='ocr_line' id='line_1_59' title="bbox 1588 2209 2438 2277; baseline 0.001 -14"><span class='ocrx_word' id='word_1_219' title='bbox 1588 2209 1923 2277; x_wconf 74' lang='lat' dir='ltr'><strong>navigatura</strong></span> <span class='ocrx_word' id='word_1_220' title='bbox 1960 2209 2277 2276; x_wconf 89' lang='lat' dir='ltr'><strong>descendit,</strong></span> <span class='ocrx_word' id='word_1_221' title='bbox 2321 2210 2438 2264; x_wconf 86' lang='lat' dir='ltr'><strong>fra-</strong></span> 
     </span>
     <span class='ocr_line' id='line_1_60' title="bbox 1588 2287 2438 2356; baseline 0.002 -15"><span class='ocrx_word' id='word_1_222' title='bbox 1588 2296 1690 2354; x_wconf 91' lang='lat' dir='ltr'><strong>tre,</strong></span> <span class='ocrx_word' id='word_1_223' title='bbox 1735 2287 2090 2356; x_wconf 81' lang='lat' dir='ltr'><strong>propinquiS,</strong></span> <span class='ocrx_word' id='word_1_224' title='bbox 2134 2303 2201 2341; x_wconf 90' lang='lat' dir='ltr'><strong>ac</strong></span> <span class='ocrx_word' id='word_1_225' title='bbox 2234 2288 2438 2343; x_wconf 86' lang='lat' dir='ltr'><strong>liberis</strong></span> 
     </span>
     <span class='ocr_line' id='line_1_61' title="bbox 1588 2365 2435 2435; baseline 0.002 -16"><span class='ocrx_word' id='word_1_226' title='bbox 1588 2365 2088 2435; x_wconf 87' lang='lat' dir='ltr'><strong>prosequentibus,</strong></span> <span class='ocrx_word' id='word_1_227' title='bbox 2159 2373 2215 2419; x_wconf 89' lang='lat' dir='ltr'><strong>et</strong></span> <span class='ocrx_word' id='word_1_228' title='bbox 2277 2366 2435 2435; x_wconf 85' lang='lat' dir='ltr'><strong>piam</strong></span> 
     </span>
     <span class='ocr_line' id='line_1_62' title="bbox 1588 2443 2439 2500; baseline 0.002 -2"><span class='ocrx_word' id='word_1_229' title='bbox 1588 2452 1825 2498; x_wconf 89' lang='lat' dir='ltr'><strong>matrem</strong></span> <span class='ocrx_word' id='word_1_230' title='bbox 1879 2443 2137 2498; x_wconf 88' lang='lat' dir='ltr'><strong>materna</strong></span> <span class='ocrx_word' id='word_1_231' title='bbox 2195 2444 2439 2500; x_wconf 63' lang='lat' dir='ltr'><strong>caritate</strong></span> 
     </span>
     <span class='ocr_line' id='line_1_63' title="bbox 1588 2522 2440 2590; baseline 0.005 -15"><span class='ocrx_word' id='word_1_232' title='bbox 1588 2523 1832 2576; x_wconf 88' lang='lat' dir='ltr'><strong>retinere</strong></span> <span class='ocrx_word' id='word_1_233' title='bbox 1877 2522 2253 2590; x_wconf 73' lang='lat' dir='ltr'><strong>cupientibus·</strong></span> <span class='ocrx_word' id='word_1_234' title='bbox 2328 2524 2440 2578; x_wconf 91' lang='lat' dir='ltr'><strong>Illa</strong></span> 
     </span>
     <span class='ocr_line' id='line_1_64' title="bbox 1589 2600 2438 2670; baseline 0.001 -15"><span class='ocrx_word' id='word_1_235' title='bbox 1589 2615 1746 2668; x_wconf 89' lang='lat' dir='ltr'><strong>vero,</strong></span> <span class='ocrx_word' id='word_1_236' title='bbox 1776 2600 2038 2668; x_wconf 87' lang='lat' dir='ltr'><strong>quamvis</strong></span> <span class='ocrx_word' id='word_1_237' title='bbox 2067 2600 2285 2654; x_wconf 87' lang='lat' dir='ltr'><strong>viscera</strong></span> <span class='ocrx_word' id='word_1_238' title='bbox 2314 2604 2438 2670; x_wconf 90' lang='lat' dir='ltr'><strong>ejus</strong></span> 
     </span>
     <span class='ocr_line' id='line_1_65' title="bbox 1590 2678 2439 2746; baseline 0.002 -14"><span class='ocrx_word' id='word_1_239' title='bbox 1590 2678 1786 2732; x_wconf 83' lang='lat' dir='ltr'><strong>dolore</strong></span> <span class='ocrx_word' id='word_1_240' title='bbox 1810 2680 2226 2746; x_wconf 90' lang='lat' dir='ltr'><strong>torquerentur,</strong></span> <span class='ocrx_word' id='word_1_241' title='bbox 2253 2680 2439 2735; x_wconf 89' lang='lat' dir='ltr'><strong>siccos</strong></span> 
     </span>
     <span class='ocr_line' id='line_1_66' title="bbox 1590 2750 2437 2827; baseline 0.002 -16"><span class='ocrx_word' id='word_1_242' title='bbox 1590 2757 1665 2811; x_wconf 89' lang='lat' dir='ltr'><strong>ad</strong></span> <span class='ocrx_word' id='word_1_243' title='bbox 1692 2757 1897 2811; x_wconf 86' lang='lat' dir='ltr'><strong>coelum</strong></span> <span class='ocrx_word' id='word_1_244' title='bbox 1928 2750 2195 2811; x_wconf 82' lang='lat' dir='ltr'><strong>tendebat</strong></span> <span class='ocrx_word' id='word_1_245' title='bbox 2221 2759 2437 2827; x_wconf 81' lang='lat' dir='ltr'><strong>oculos,</strong></span> 
     </span>
     <span class='ocr_line' id='line_1_67' title="bbox 1591 2836 2439 2905; baseline 0.001 -16"><span class='ocrx_word' id='word_1_246' title='bbox 1591 2842 1647 2889; x_wconf 88' lang='lat' dir='ltr'><strong>et</strong></span> <span class='ocrx_word' id='word_1_247' title='bbox 1671 2836 1936 2904; x_wconf 77' lang='lat' dir='ltr'><strong>pietatem</strong></span> <span class='ocrx_word' id='word_1_248' title='bbox 1956 2836 2013 2890; x_wconf 91' lang='lat' dir='ltr'><strong>in</strong></span> <span class='ocrx_word' id='word_1_249' title='bbox 2042 2836 2194 2891; x_wconf 85' lang='lat' dir='ltr'><strong>filios</strong></span> <span class='ocrx_word' id='word_1_250' title='bbox 2221 2837 2439 2905; x_wconf 78' lang='lat' dir='ltr'><strong>pietate</strong></span> 
     </span>
     <span class='ocr_line' id='line_1_68' title="bbox 1588 2915 2439 2983; baseline 0.001 -15"><span class='ocrx_word' id='word_1_251' title='bbox 1588 2915 1644 2968; x_wconf 92' lang='lat' dir='ltr'><strong>in</strong></span> <span class='ocrx_word' id='word_1_252' title='bbox 1674 2915 1860 2968; x_wconf 86' lang='lat' dir='ltr'><strong>Deum</strong></span> <span class='ocrx_word' id='word_1_253' title='bbox 1888 2916 2182 2983; x_wconf 66' lang='lat' dir='ltr'><strong>superam,</strong></span> <span class='ocrx_word' id='word_1_254' title='bbox 2221 2917 2439 2971; x_wconf 89' lang='lat' dir='ltr'><strong>nescie-</strong></span> 
     </span>
     <span class='ocr_line' id='line_1_69' title="bbox 1591 2992 2437 3060; baseline 0.002 -14"><span class='ocrx_word' id='word_1_255' title='bbox 1591 2994 1689 3046; x_wconf 89' lang='lat' dir='ltr'><strong>bat</strong></span> <span class='ocrx_word' id='word_1_256' title='bbox 1724 3008 1786 3046; x_wconf 89' lang='lat' dir='ltr'><strong>se</strong></span> <span class='ocrx_word' id='word_1_257' title='bbox 1821 2999 2085 3060; x_wconf 88' lang='lat' dir='ltr'><strong>matrem,</strong></span> <span class='ocrx_word' id='word_1_258' title='bbox 2118 3000 2185 3047; x_wconf 91' lang='lat' dir='ltr'><strong>ut</strong></span> <span class='ocrx_word' id='word_1_259' title='bbox 2223 2992 2437 3049; x_wconf 87' lang='lat' dir='ltr'><strong>Christi</strong></span> 
     </span>
     <span class='ocr_line' id='line_1_70' title="bbox 1592 3070 2166 3141; baseline 0.003 -18"><span class='ocrx_word' id='word_1_260' title='bbox 1592 3071 1864 3141; x_wconf 64' lang='lat' dir='ltr'><strong>probaret</strong></span> <span class='ocrx_word' id='word_1_261' title='bbox 1891 3070 2166 3126; x_wconf 88' lang='lat' dir='ltr'><strong>ancillam.</strong></span> 
     </span>
    </p>
   </div>
   <div class='ocr_carea' id='block_1_15' title="bbox 1657 3154 2341 3227">
    <p class='ocr_par' dir='ltr' id='par_1_15' title="bbox 1657 3154 2341 3227">
     <span class='ocr_line' id='line_1_71' title="bbox 1657 3154 2341 3227; baseline 0.004 -18"><span class='ocrx_word' id='word_1_262' title='bbox 1657 3154 1727 3222; x_wconf 67' lang='lat' dir='ltr'><strong>R·</strong></span> <span class='ocrx_word' id='word_1_263' title='bbox 1754 3157 1999 3227; x_wconf 90' lang='lat' dir='ltr'><strong>Propter</strong></span> <span class='ocrx_word' id='word_1_264' title='bbox 2024 3159 2341 3213; x_wconf 65' lang='lat' dir='ltr'><strong>veritatem.</strong></span> 
     </span>
    </p>
   </div>
   <div class='ocr_carea' id='block_1_16' title="bbox 1865 3250 2144 3307">
    <p class='ocr_par' dir='ltr' id='par_1_16' title="bbox 1865 3250 2144 3307">
     <span class='ocr_line' id='line_1_72' title="bbox 1865 3250 2144 3307; baseline 0.004 -2"><span class='ocrx_word' id='word_1_265' title='bbox 1865 3250 2059 3307; x_wconf 82' lang='lat' dir='ltr'><strong>Lectio</strong></span> <span class='ocrx_word' id='word_1_266' title='bbox 2092 3269 2144 3307; x_wconf 87' lang='lat' dir='ltr'><strong>v.</strong></span> 
     </span>
    </p>
   </div>
   <div class='ocr_carea' id='block_1_17' title="bbox 1593 3340 2437 3568">
    <p class='ocr_par' dir='ltr' id='par_1_17' title="bbox 1593 3340 2437 3568">
     <span class='ocr_line' id='line_1_73' title="bbox 1696 3340 2436 3421; baseline -0.004 -26"><span class='ocrx_word' id='word_1_267' title='bbox 1696 3341 1789 3395; x_wconf 85' lang='lat' dir='ltr'><strong>avi</strong></span> <span class='ocrx_word' id='word_1_268' title='bbox 1803 3340 1972 3421; x_wconf 70' lang='lat' dir='ltr'><strong>igitur</strong></span> <span class='ocrx_word' id='word_1_269' title='bbox 1982 3341 2294 3395; x_wconf 88' lang='lat' dir='ltr'><strong>conscensa</strong></span> <span class='ocrx_word' id='word_1_270' title='bbox 2305 3353 2436 3395; x_wconf 91' lang='lat' dir='ltr'><strong>cum</strong></span> 
     </span>
     <span class='ocr_line' id='line_1_74' title="bbox 1749 3416 2437 3488; baseline -0.001 -14"><span class='ocrx_word' id='word_1_271' title='bbox 1749 3416 2057 3474; x_wconf 80' lang='lat' dir='ltr'><strong>Eus&#39;techia</strong></span> <span class='ocrx_word' id='word_1_272' title='bbox 2101 3419 2250 3488; x_wconf 88' lang='lat' dir='ltr'><strong>filia,</strong></span> <span class='ocrx_word' id='word_1_273' title='bbox 2306 3434 2437 3488; x_wconf 75' lang='lat' dir='ltr'><strong>quae</strong></span> 
     </span>
     <span class='ocr_line' id='line_1_75' title="bbox 1593 3496 2437 3568; baseline 0 -18"><span class='ocrx_word' id='word_1_274' title='bbox 1593 3498 1873 3568; x_wconf 82' lang='lat' dir='ltr'><strong>propositi</strong></span> <span class='ocrx_word' id='word_1_275' title='bbox 1933 3503 1989 3551; x_wconf 87' lang='lat' dir='ltr'><strong>et</strong></span> <span class='ocrx_word' id='word_1_276' title='bbox 2057 3496 2437 3565; x_wconf 76' lang='lat' dir='ltr'><strong>navigationis</strong></span> 
     </span>
    </p>
   </div>
  </div>
 </body>
</html>
