2646 3976
136 523 142 610 Ι

799 556 948 603 Festa
972 557 1161 605 Martii.
1198 559 1316 618 (13.)
1828 555 1921 603 77*

167 694 282 747 am,
311 692 497 733 sacrae
520 676 710 731 Missae
736 676 881 731 ritus
899 692 1024 746 pre-

164 762 401 829 cesque,
439 758 649 829 quibus
674 774 742 814 eo
768 760 1026 828 tempore

169 858 376 897 omnes
423 842 719 911 Hispaniae
770 841 1024 896 ecelesiae
1050 813 1054 880 1
1076 836 1233 903 quod
1279 836 1416 890 mihi
1467 836 1540 890 de
1585 842 1641 890 te
1686 835 1922 890 dictavit

169 923 502 992 utebantur,
528 923 831 990 ordinavit,
854 929 912 977 et
930 938 1022 977 au·
1049 885 1053 966 (
1076 914 1299 982 caritas,
1338 914 1447 968 fuit
1481 921 1544 969 ut
1579 914 1788 968 librum
1815 914 1921 968 Rea

101 1067 102 1072 ἵ
168 1006 271 1060 xit.
298 1007 355 1061 A
383 1005 780 1075 persequenda
805 1005 1024 1060 Ariana

169 1087 398 1155 haeresi,
430 1087 837 1156 praedicatione
863 1104 1023 1143 num-

143 1185 349 1239 :quam
377 1170 609 1225 destitit.
647 1170 1023 1249 Monasticum
1047 1203 1051 1264 ι
1074 1226 1122 1280 E
1274 1227 1286 1239 ‚
1320 1227 1333 1239 .
1713 1229 1725 1242 Ο

142 1225 438 1324 'ordinem
456 1252 885 1308 Benedictinum
907 1269 1022 1309 am·
1047 1265 1051 1276 ³
1124 1228 1504 1296 ¹P⁰S¹t¹⁶nem
1576 1230 1728 1283 beau
1800 1230 1839 1284 J
1841 1231 1916 1284 Ob

145 1331 432 1400 *plificare
449 1331 507 1384 in
526 1331 807 1401 Hispania
824 1334 1019 1403 coepit:
1074 1320 1185 1371 Jam
1213 1305 1430 1395 d¹3d¹¹m
1457 1323 1551 1397 ¹110,
1566 1307 1769 1399 fecisse
1795 1324 1918 1377 008-

172 1425 238 1465 30
282 1409 471 1463 gorm-i
517 1425 636 1463 guae
674 1410 1020 1466 Florentinae
1073 1383 1310 1453 novisti,
1363 1384 1659 1440 Sanctltatl
1697 1387 1918 1442 Vestrae

1045 1469 1050 1532 ξ
1075 1463 1463 1517 transmittere
1492 1465 1706 1520 curavi.

171 1485 427 1556 regulam
500 1502 606 1556 pro
667 1488 1021 1544 institutione

173 1566 458 1633 virginum
478 1565 650 1620 dedit.
678 1566 804 1630 His,
820 1574 877 1622 et
896 1568 1020 1622 aliis

172 1644 316 1698 mire
333 1643 523 1712 gestis,
547 1643 1019 1716 Constantinopo-

170 1722 272 1776 lim
300 1737 406 1791 pro
430 1722 616 1777 causis
644 1722 780 1777 fidei
800 1723 1020 1793 Visigo-

171 1800 403 1855 thorum
454 1800 673 1869 legatus
726 1802 1019 1870 profectus

168 1885 280 1933 est:
327 1878 430 1932 ubi
475 1880 551 1932 ob
594 1880 859 1934 eximiam
894 1881 1019 1935 reli·

171 1958 413 2029 gionem,
443 1963 502 2012 et
525 1957 839 2013 doctrinam
867 1959 1021 2029 apud

173 2043 433 2092 sanctum
453 2034 790 2105 Gregorium
818 2039 1021 2092 Roma·
1073 2034 1250 2104 gloria
1297 2035 1432 2104 Dei,
1477 2051 1696 2105 proque
1744 2037 1918 2093 elimi-

176 2115 233 2168 ni
259 2114 558 2170 Pontificis
594 2116 1019 2185 apocrisarium,
1072 2113 1262 2168 nanda
1291 2114 1497 2169 haeresi
1524 2114 1740 2169 Ariana
1765 2116 1918 2171 labo·

175 2201 310 2249 tunc
362 2193 445 2248 ibi
500 2194 793 2262 degentem
810 2235 823 2262 ,
880 2196 1021 2249 tanti
1044 2216 1048 2277 j
1072 2193 1235 2247 ravit.
1251 2192 1756 2262 Hermenegildum
1767 2197 1918 2251 enim

1043 2272 1335 2340 tnepotem
1375 2288 1559 2339 suum,
1600 2273 1917 2344 Leovigssdi

173 2271 401 2326 habitus
426 2271 550 2335 fuit,
585 2273 857 2341 tantaque
886 2273 1018 2327 ami·

175 2350 311 2405 citia
347 2349 429 2402 illi
468 2351 816 2420 conjunctus,
853 2358 915 2405 ut
945 2352 1019 2405 ad

175 2429 499 2483 Romanam
562 2427 767 2484 Sedem
822 2430 1019 2498 postea

179 2899 336 2968 verit,
384 2899 560 2954 libros
595 2900 652 2953 in
689 2901 725 2955 J
729 2900 804 2953 ob
820 2940 834 2966 ‚
869 2915 1015 2968 quos

179 2978 257 3032 illi
277 2978 504 3046 dicavit,
530 2993 644 3032 una
671 2994 800 3032 cum
818 2979 1014 3033 Pasto-

176 3057 296 3124 tali,
330 3056 419 3111 his
449 3056 654 3112 litteris
680 3057 1016 3112 benevolen-

176 3135 249 3190 tia
282 3134 463 3204 plenis
500 3134 575 3188 ad
611 3136 797 3204 ipsum
834 3143 1014 3190 trans·

180 3213 416 3267 miserit:
447 3213 673 3281 Quanto
701 3214 908 3268 ardore
935 3213 1014 3267 vi-
1040 3258 1044 3297 ÷
1067 3213 1186 3269 Nec
1212 3220 1402 3268 tamen
1438 3213 1653 3268 destitit
1688 3229 1818 3267 cum
1848 3213 1914 3267 fi-

178 3448 355 3503 cordis
373 3449 551 3518 leges3
571 3450 672 3504 sed
690 3450 823 3519 quia
843 3450 1011 3519 longo
1039 3432 1043 3523 Ῐ
1065 3449 1209 3516 silio,
1228 3456 1290 3504 ut
1305 3449 1483 3504 frater
1500 3464 1638 3504 suus
1652 3448 1908 3504 Isidorus

178 3291 307 3347 dore
340 3298 397 3346 t'e
430 3291 635 3360 sitiam,
673 3293 807 3361 quia
847 3293 1012 3347 valde

179 3384 264 3425 me
305 3369 520 3439 diligis,
566 3369 627 3424 in
670 3371 754 3426 tui
802 3371 1012 3425 tabulis

172 2508 485 2578 promotuS,
513 2523 643 2563 cum
671 2507 937 2562 Leander
959 2509 1018 2561 in
1043 2506 1046 2573 Ῑ
1071 2504 1486 2559 confessionem
1506 2505 1788 2573 perduxit,
1815 2506 1919 2560 sed

173 2586 465 2641 ecclesiam
512 2602 676 2641 suam
722 2586 833 2654 jam
882 2585 1018 2639 fuis·
1043 2582 1046 2645 ξ
1071 2590 1135 2637 ut
1158 2581 1410 2650 glorioso
1441 2583 1728 2649 sanguinis
1764 2584 1916 2639 testi-

173 2672 260 2719 set
302 2666 592 2734 reversus,
639 2664 804 2718 Pallii
854 2679 1016 2718 orna·
1071 2661 1265 2716 monio
1316 2659 1473 2714 illam
1537 2662 1916 2732 confirmaret,

175 2745 426 2798 mentum
447 2743 682 2809 miserit,
709 2743 1016 2811 frequenti·
1071 2740 1311 2809 adeptus
1350 2740 1473 2795 fuit.
1523 2741 1916 2797 Inflammatus

176 2823 284 2875 bus
309 2821 565 2890 epistolis
591 2821 749 2876 illum
778 2821 1017 2876 honora·
1071 2819 1265 2876 furore
1289 2826 1453 2890 pater
1478 2821 1537 2875 in
1568 2821 1915 2890 Leandrum,

1076 678 1357 733 terrarum
1374 677 1558 747 spatio
1578 677 1919 746 disjunctum

1075 762 1132 811 te
1176 756 1374 811 videre
1422 757 1674 826 neque0,
1725 773 1920 825 unum,

1074 991 1220 1060 gulae
1267 993 1595 1062 pastoraIiS,
1649 1009 1818 1062 quem
1860 994 1920 1047 in

1074 1069 1452 1139 Episcopatus
1510 1072 1620 1125 mei
1683 1071 1918 1126 exordio

1075 1148 1291 1218 scripsi,
1338 1156 1395 1203 et
1428 1149 1631 1219 libros,
1679 1166 1825 1219 quos
1859 1151 1916 1205 in

1147 1570 1216 1635 R«.
1244 1567 1421 1622 Posui
1447 1552 1805 1638 adjutorium.

1344 1707 1538 1760 Lectio
1566 1709 1641 1763 vi.

1161 1804 1327 1852 aneto
1357 1815 1489 1867 ergo
1516 1801 1771 1856 Pra'esule
1800 1818 1920 1857 suae

1202 1876 1454 1932 ecclesiae
1488 1879 1767 1946 restitute,
1818 1880 1918 1935 vix

1074 1955 1330 2011 enarrari
1360 1962 1614 2025 possunt,
1651 1972 1783 2026 quae
1811 1973 1917 2028 pro

1073 2349 1220 2417 regis
1277 2348 1488 2418 filium,
1560 2352 1918 2407 sermonibus

1072 2426 1190 2481 suis
1226 2426 1378 2479 haud
1422 2427 1610 2481 solum
1663 2429 1737 2482 ad
1775 2429 1915 2483 fidei

1069 2906 1126 2952 et
1161 2898 1219 2951 in
1265 2914 1464 2955 omnes
1510 2900 1698 2955 adhuc
1743 2900 1915 2955 eccle-

1068 2976 1199 3044 sias,
1228 2978 1428 3032 exsilio
1452 2995 1582 3034 eum
1604 2978 1915 3047 mulctavit,

1068 3062 1126 3109 et
1152 3054 1279 3108 illas
1316 3054 1700 3124 facultatibus,
1735 3063 1792 3110 et
1818 3072 1913 3125 pa-

1068 3135 1316 3188 storibus
1376 3137 1610 3190 orbatas
1667 3135 1912 3203 reliquit.

1066 3292 1157 3347 dei
1203 3291 1462 3346 hostibus
1506 3291 1687 3346 libere
1723 3292 1912 3346 decer·

1068 3372 1204 3425 tare.
1252 3370 1321 3426 In
1352 3370 1477 3440 ipso
1508 3369 1783 3439 siquidem
1819 3386 1911 3425 ex-
