2646 3976
806 608 964 657 Festa
987 611 1243 660 Octobris,
1277 613 1401 674 (27.)

372 729 492 787 Ad
518 730 940 791 Matutinum.

523 819 805 886 Hymnus.

329 911 354 958 t
385 905 601 959 montis
629 906 728 960 alti
752 906 1021 961 verticem

378 982 622 1075 Calcare
661 984 903 1039 Fructus
950 987 1081 1040 con-

216 1138 424 1206 Atque
443 1061 884 1209 ingiegssgsmquam
903 1156 935 1195 e
956 1142 1079 1210 spe-

215 1293 448 1350 Videre
468 1218 641 1350 teci-ut:
658 1296 1040 1353 incommoda:

295 1382 515 1437 Totum
543 1384 667 1437 Deo
695 1398 757 1436 se
781 1383 1042 1453 devovet,

213 1460 471 1515 Virtutis
500 1462 674 1514 armis
702 1462 960 1531 cingitur,

216 1538 453 1607 Corpus
479 1534 693 1607 premit
716 1541 951 1611 jejun103

216 1616 335 1672 Cor
361 1632 519 1687 pane
543 1618 675 1672 coeli
700 1618 896 1673 reficit.

297 1705 552 1759 Munitus
576 1705 665 1759 his
690 1705 970 1775 praesidiis

217 1782 502 1838 Retundit
531 1798 690 1837 arma
717 1784 1011 1853 daemoni8‚

218 1860 459 1917 Mauros
490 1862 743 1917 furentes
770 1862 993 1917 territat

216 1939 324 1995 Vir
351 1941 605 2011 inclytus
632 1941 931 1996 miraculo:

298 2030 546 2084 Excelsa
574 2029 783 2083 montis
814 2030 1072 2100 percutit,

219 2104 432 2161 Divisit
460 2122 665 2174 rupem
693 2107 913 2174 baculo,

217 2183 587 2239 Profundum
624 2185 788 2240 vallis
822 2187 1073 2241 cernitur

221 2261 474 2318 Terrore
503 2263 669 2318 victis
696 2265 972 2320 hostibus

301 2350 497 2405 Gloria
519 2351 637 2417 tibi,
666 2352 929 2420 Domine,

221 2425 533 2483 Foecundae
573 2431 791 2485 fructus
820 2431 1069 2499 Virginis

222 2502 333 2570 Qui
359 2506 498 2576 ligni
526 2508 656 2562 vitae
684 2509 965 2564 fructibus

219 2580 465 2640 Beatum
493 2586 765 2641 Fructum
793 2587 995 2643 reficis,

538 2665 740 2721 Amen.

291 2757 428 2818 Ant.,
453 2759 646 2807 Psalmi
671 2768 725 2807 ut
748 2759 802 2807 in
826 2760 1021 2808 Comm.

292 2826 354 2873 In
372 2829 414 2875 I.
429 2830 694 2878 Nocturno
715 2830 986 2878 Lectiones
1006 2833 1068 2878 de

235 2892 498 2959 Scriptura
523 2908 833 2948 occurrente.

354 3064 360 3071 .
389 3020 458 3072 In
491 3020 563 3072 11.
597 3020 914 3074 Nocturna

505 3108 699 3161 Lectio
727 3109 800 3162 iv.

280 3189 362 3239 En
384 3194 715 3257 manuscript.
738 3194 879 3243 Eccl.
901 3194 1019 3255 Seg.

230 3271 594 3480 'ructus
611 3278 751 3332 civis
770 3277 1067 3347 segovien-

424 3356 517 3423 siS,
547 3355 743 3410 mundi
766 3357 987 3426 fugiens
1005 3357 1065 3411 il-

424 3432 692 3502 lecebraS,
705 3437 936 3504 peccata
948 3436 1066 3505 qui-

230 3500 336 3558 bus
376 3509 660 3581 implicata
703 3520 823 3568 erat
861 3514 1066 3584 Hispd·

1887 620 1981 667 59*

1134 736 1245 805 nia,
1273 738 1728 809 perhorrescens,
1757 743 1980 811 amplis-

1134 813 1287 868 simo
1333 818 1674 884 patrimonio
1719 822 1980 890 pauperi-

1125 893 1241 947 bus
1278 893 1586 951 distributo
1599 938 1613 965 ,
1662 897 1721 952 in
1756 906 1979 955 vastam

1132 972 1385 1026 eremum
1426 977 1695 1031 territorii
1730 976 1979 1047 Septem-

1130 1049 1475 1117 publicensis
1503 1055 1751 1109 secessit.
1803 1057 1919 1112 Ubi
1945 1072 1979 1110 a

1133 1128 1329 1182 saeculi
1353 1130 1506 1184 curis
1537 1132 1855 1188 abstrdctus
1882 1150 1980 1189 an-

1130 1205 1367 1273 gelicam
1409 1209 1583 1263 vitam
1629 1211 1794 1266 duxit
1837 1212 1975 1267 duo-

1128 1283 1356 1353 busque
1371 1286 1647 1342 fratribus
1659 1289 1975 1359 valentine,

1129 1369 1187 1416 et
1224 1364 1495 1432 Engratia
1539 1367 1842 1422 comitibus
1881 1370 1978 1424 ad-

1128 1440 1323 1496 hibitis
1375 1444 1749 1501 monasticam
1802 1446 1979 1502 vitam

1128 1520 1364 1576 mirffice
1399 1521 1662 1578 excoluit.
1719 1524 1830 1580 Vix
1865 1526 1977 1580 dici

1126 1606 1338 1668 potest,
1385 1617 1515 1670 quae
1551 1610 1608 1656 et
1654 1611 1866 1672 quanta
1901 1605 1976 1658 sit

1127 1675 1235 1730 loci
1263 1680 1565 1747 asperitas:
1603 1681 1789 1735 solum
1825 1684 1974 1737 enim

1126 1755 1490 1823 accipitribus
1516 1759 1733 1827 pervia,
1763 1761 1974 1829 junipe-

1126 1834 1208 1887 ris
1227 1834 1454 1904 referta,
1480 1836 1675 1891 Oasim
1694 1852 1975 1908 magnam,

1129 1912 1217 1965 vel
1246 1912 1448 1983 Libyae
1479 1914 1815 1969 solitudines
1845 1918 1971 1971 red-

1126 1991 1257 2046 olet.
1298 1992 1389 2046 Ibi
1416 1993 1894 2064 vigiliiS‚jej1'1niis‚
1918 2004 1975 2051 et

1126 2071 1482 2126 orationibus
1534 2072 1810 2141 intentus,
1864 2089 1972 2143 pro

1124 2149 1257 2217 suis,
1270 2159 1327 2205 et
1337 2151 1512 2205 totius
1521 2152 1718 2220 populi
1727 2153 1975 2222 peccatis

1123 2229 1353 2284 assidue
1409 2231 1720 2286 Dominum
1779 2233 1974 2301 depre-

1122 2309 1376 2377 cabatur,
1417 2311 1770 2379 corporeque
1805 2310 1971 2380 longa

1122 2387 1331 2454 inedia,
1357 2388 1558 2456 cilici0,
1596 2395 1651 2441 et
1677 2389 1973 2442 cameunia

1122 2463 1182 2516 in
1212 2464 1544 2518 servitutem
1582 2465 1816 2532 spiritus
1848 2466 1972 2519 red·

1122 2542 1276 2609 ἑοῖο,
1317 2541 1377 2595 in
1404 2541 1711 2595 mdximam
1740 2543 1972 2597 coelesti·

1123 2636 1220 2674 um
1252 2620 1509 2690 pervenit
1546 2622 1968 2691 contemplatio-

1125 2715 1268 2752 nem.
1323 2705 1393 2773 [ᾗ.
1434 2700 1754 2754 Honestum
1785 2700 1934 2756 fecit.

1410 2806 1606 2865 Lectio
1636 2828 1687 2868 v,

1217 2890 1386 2945 uibus
1421 2898 1477 2945 et
1518 2891 1645 2945 aliis
1678 2892 1969 2960 praeclaris

1251 2968 1557 3022 virtutibus
1584 2977 1802 3038 auctus,
1840 2972 1965 3025 Deo

1122 3045 1379 3111 dileetuS‚
1417 3045 1746 3100 hominibus
1781 3063 1966 3115 caruS,

1120 3121 1449 3178 sarracenis
1470 3123 1608 3176 fidei
1628 3123 1869 3178 inimicis
1886 3125 1966 3179 in-

1121 3202 1317 3255 fensus
1335 3216 1461 3255 esse
1476 3202 1665 3270 coepit,
1692 3217 1839 3270 quos
1855 3203 1965 3270 ille,

1120 3279 1243 3334 zelo
1273 3278 1411 3333 fidei
1437 3280 1723 3348 accensuS‚
1752 3295 1786 3334 a
1812 3280 1966 3334 nefa-

1119 3359 1204 3412 ria
1235 3358 1549 3413 Mahometi
1582 3366 1735 3413 secta
1773 3360 1963 3427 opere,

1120 3443 1176 3492 et
1208 3437 1471 3491 sermone
1509 3438 1765 3493 evertere
1800 3453 1965 3493 cona·

1121 3517 1302 3570 batur.
1341 3515 1421 3570 At
1438 3516 1536 3586 illi,
1564 3516 1831 3572 universa
1850 3519 1963 3587 jam
