2646 3976
671 575 767 624 ’1οϋ
1217 570 1366 617 Festa
1392 571 1724 632 Septembris.
1756 571 1847 630 (2.)

666 701 874 768 centes,
908 701 981 754 ab
1020 700 1176 754 omni
1211 699 1506 753 hominum
1533 671 1537 790 Ι
1564 700 1789 766 riretur,
1817 700 2105 755 abscissus
2135 699 2323 755 fuerat
2347 700 2412 755 in

665 779 1096 834 conversatione
1130 778 1333 833 semoti
1349 819 1362 844 ,
1410 778 1510 832 diu
1533 797 1537 852 g
1564 777 1800 832 ecclesia
1812 778 2296 846 Palentina,cujus
2309 793 2409 847 pa-

667 857 1004 912 commorati
1020 863 1166 911 sunt.
1197 856 1318 912 Illis
1337 856 1509 925 paulo
1532 857 1537 908 t
1564 856 1764 909 tronus
1810 856 2059 923 exsistit,
2108 870 2180 909 ex
2226 855 2411 911 multo

665 939 797 1003 post
825 934 1055 1002 quidam
1075 934 1331 990 Joannes
1353 935 1507 1003 pres·
1562 934 1818 1002 tempore
1850 948 2053 1002 magna
2080 948 2210 987 cum
2239 949 2407 989 vene-

665 1012 834 1081 byter
869 1011 1066 1066 divino
1102 1012 1373 1066 instinctu
1388 1052 1402 1080 ,
1438 1011 1508 1066 si·
1563 1012 1786 1065 ratione
1821 1012 2173 1066 asservatur:
2214 1013 2289 1065 ad
2315 1027 2409 1067 cu-

666 1090 785 1144 mul
803 1089 1030 1144 futurus
1057 1098 1293 1160 martyr,
1312 1091 1507 1159 adjun-
1561 1091 1648 1159 jus
1692 1097 1908 1144 tactum
1949 1106 2094 1159 puer
2128 1092 2408 1158 mortum,

665 1169 831 1237 gitur.
870 1169 1017 1225 Nam
1047 1185 1178 1224 cum
1208 1171 1508 1224 venatores
1562 1170 1658 1237 qui
1672 1168 2034 1223 multitudine
2047 1169 2261 1238 populi,
2275 1184 2404 1223 san·

665 1247 804 1316 regii
839 1263 911 1302 ex
946 1248 1239 1317 insperato
1290 1264 1389 1302 eos
1424 1264 1504 1303 re·
1563 1255 1683 1302 ctas
1702 1247 1971 1315 reliquias
1989 1248 2411 1317 subsequentiS,

665 1326 973 1394 perissent,
1033 1333 1091 1381 et
1152 1328 1507 1381 Antoninum
1563 1328 1622 1380 in
1677 1327 1806 1380 sinu
1848 1326 2049 1381 matris
2096 1327 2411 1395 oppressus

666 1404 1082 1471 cognovissent,
1111 1405 1186 1458 ad
1205 1420 1394 1473 regem
1413 1405 1507 1460 de—
1564 1406 1770 1473 fuerat,
1797 1405 1989 1458 statim
2008 1404 2231 1459 revixit.
2259 1403 2408 1459 Cum

665 1480 875 1549 ferunt,
888 1482 985 1549 qui
1000 1482 1073 1535 ad
1096 1483 1508 1550 seperdtictum
1563 1484 1731 1537 etiam
1797 1482 2058 1538 Sanctius
2074 1523 2087 1549 ‚
2143 1483 2409 1537 Castellae

665 1558 1025 1613 Antoninum
1054 1561 1138 1613 sic
1172 1559 1506 1628 alloquiturz
1563 1561 1783 1630 primus
1824 1576 1954 1628 rex,
1997 1561 2134 1615 dum
2174 1562 2411 1615 venare-

667 1636 810 1704 Quae
865 1644 923 1692 te
969 1638 1281 1706 dementia,
1327 1639 1508 1693 Anto·
1563 1646 1674 1705 tur,
1703 1655 1930 1710 aprum,
1966 1640 2065 1708 qui
2090 1640 2150 1693 in
2179 1646 2409 1693 antrum

665 1714 820 1783 nine,
857 1715 1032 1785 cepit,
1070 1723 1134 1771 ut
1175 1717 1257 1771 tui
1288 1717 1510 1785 generis
1562 1718 1919 1786 confugerat,
1954 1724 2010 1771 et
2036 1718 2267 1772 cuidam
2304 1718 2411 1772 ibi·

668 1794 903 1860 oblituS,
931 1795 1054 1859 {tuis
1082 1796 1386 1864 praestigiis
1412 1795 1509 1849 ho·
1563 1796 1693 1850 dem
1717 1795 1947 1864 imagini
1972 1795 2303 1862 inhaerebass
2333 1796 2412 1851 fe-

668 1873 849 1927 minee
876 1874 1165 1929 dementes
1190 1883 1245 1928 et
1272 1890 1511 1943 regnum
1563 1876 1680 1930 rire
1732 1874 1901 1928 vellet
1914 1916 1927 1942 ,
1983 1874 2291 1943 statimque
2352 1875 2407 1929 ei

671 1959 932 2006 nostrum
991 1953 1334 2023 perturbes?
1404 1953 1511 2009 Cui
1563 1954 1858 2010 brachium
1872 1953 2407 2023 obriguisset300m-

668 2031 1022 2086 Antoninus:
1061 2033 1189 2088 Non
1227 2048 1348 2100 ego,
1379 2031 1512 2087 Gal·
1563 2035 1726 2102 perto
1755 2032 1911 2101 quod
1936 2032 2034 2085 illa
2056 2037 2205 2086 esset
2226 2032 2407 2087 sancti

668 2108 798 2176 lati,
844 2125 1188 2177 quemquam
1230 2111 1511 2179 demento,
1563 2111 1839 2166 Antonini
1882 2110 2097 2178 imagO,
2142 2110 2203 2163 in
2246 2110 2410 2178 cujus

668 2186 770 2240 sed
797 2201 973 2241 unum
1004 2189 1210 2257 Deum,
1238 2190 1400 2257 cuius
1427 2197 1513 2243 est
1564 2191 1840 2244 honorem
1879 2190 2039 2243 locus
2068 2188 2409 2257 habebatur,

672 2280 925 2333 regnum,
951 2273 1007 2319 et
1034 2266 1353 2336 imperium,
1371 2269 1514 2336 prae-
1563 2269 1845 2339 po'enitens
1891 2267 2025 2321 facti
2069 2281 2198 2333 rex,
2245 2266 2411 2322 vovit

666 2342 825 2413 dico;
856 2349 985 2398 tuos
1012 2351 1218 2414 autem,
1247 2361 1394 2415 quos
1421 2361 1512 2401 co·
1565 2346 1800 2416 martyri
1853 2346 2124 2416 templum
2169 2345 2250 2399 ibi
2302 2345 2409 2400 eri-

664 2421 762 2490 lis,
808 2422 946 2477 deos
993 2423 1229 2494 ligneos,
1275 2432 1335 2479 et
1375 2425 1512 2494 lapi-
1564 2441 1695 2495 gere
1710 2467 1723 2494 ‚
1784 2430 1842 2479 et
1893 2424 2046 2478 illico
2108 2424 2408 2478 bruchium

668 2501 833 2570 deos,
871 2508 936 2556 ut
971 2502 1176 2571 faJSOS,
1220 2511 1277 2558 et
1311 2505 1512 2558 indnes
1563 2505 1824 2575 pristinae
1878 2501 2107 2557 sanitati
2158 2502 2407 2555 restitui-

667 2580 897 2648 respuO.
944 2581 1052 2634 His
1079 2583 1270 2636 verbis
1305 2584 1392 2636 ira
1429 2583 1510 2636 in·
1562 2590 1672 2637 tur.
1700 2584 1891 2652 Quare
1914 2596 1983 2635 eo
2008 2581 2132 2635 loco
2151 2578 2403 2647 magnifi-

666 2656 990 2712 flammatus
1032 2675 1134 2714 rex
1180 2660 1335 2716 illico
1378 2676 1509 2716 eum
1563 2660 1944 2716 centissimam
1966 2657 2258 2713 ecclesiam
2278 2672 2405 2711 san-

666 2749 795 2788 cum
821 2735 991 2789 sociis
1026 2738 1208 2806 capite
1236 2740 1423 2808 plecti,
1451 2746 1509 2793 et
1563 2739 1638 2793 cti
1664 2738 1943 2794 Antonini
1972 2738 2201 2792 nomine
2229 2734 2403 2790 aedifi-

667 2812 727 2866 in
759 2812 967 2867 flumen
997 2815 1109 2881 (cui
1134 2831 1341 2871 nomen
1369 2818 1508 2872 Are·
1560 2816 1728 2884 cavit,
1755 2816 2054 2870 aediculam
2074 2829 2212 2868 vero
2237 2812 2404 2882 antri,

666 2892 779 2960 gia)
826 2892 1023 2961 projici
1062 2894 1233 2961 jubet.
1293 2895 1507 2950 Eorum
1561 2900 1625 2950 ut
1662 2894 1830 2949 hodie
1865 2893 2092 2961 visitur,
2129 2892 2239 2947 sub
2275 2890 2402 2960 ipsa

668 2970 909 3039 corpora
962 2987 996 3026 a
1049 2973 1371 3028 christianis
1428 2975 1509 3028 in·
1561 2973 1798 3030 ecclesia
1823 2973 2095 3028 intactam
2116 2971 2366 3040 reliquit.

669 3051 867 3118 venta,
917 3050 1231 3108 honorifice
1280 3053 1508 3108 condita
1632 3065 1700 3134 R·
1737 3069 1895 3125 stola
1929 3068 2314 3137 jucunditatis,

669 3134 825 3183 sum‘
885 3136 976 3225 et,
1000 3130 1181 3185 sancti
1233 3131 1510 3185 Antonini
1624 3159 1687 3207 In
1705 3158 2083 3209 HLNocturno
2104 3157 2397 3206 Homiliain

669 3207 868 3261 dexter
905 3207 1177 3263 humerus
1211 3225 1341 3263 cum
1379 3210 1505 3264 bra-
1562 3230 1811 3291 Evangel.
1848 3229 1961 3279 Nisi
1994 3243 2229 3292 granum,
2263 3236 2315 3273 ut
2344 3227 2395 3272 in

666 3285 810 3353 chio,
824 3286 924 3354 qui
944 3286 1175 3341 {nsimul
1194 3288 1366 3342 etiam
1378 3303 1507 3342 cum
1564 3300 1645 3347 die
1662 3300 1733 3347 10.
1750 3300 1883 3359 Aug.
1904 3313 2018 3346 cum
2032 3296 2152 3359 HR.
2173 3298 2234 3346 de
2249 3296 2392 3344 Com-

667 3363 877 3433 capite,
907 3364 1084 3420 feroci
1121 3364 1235 3420 ictu
1270 3381 1401 3420 cum
1431 3365 1506 3419 fe·
1565 3370 1705 3416 muni
1727 3383 1811 3416 un.
1831 3368 1981 3416 Mart.

1213 3478 1839 3513 W—
