2646 3976
827 595 982 644 Festa
1006 595 1258 644 Octobris.
1293 598 1383 659 (1.)

317 718 408 772 Tu
421 717 666 772 Domine
678 718 938 773 servabis
950 734 1055 772 nos
1070 736 1084 772 t

246 804 302 851 et
338 796 624 851 custodies
659 811 765 851 nos
792 797 823 831 ’¹‘
847 812 882 852 a
919 812 1082 866 gene-

242 873 464 929 ratione
487 873 596 928 hac
633 873 692 926 in
719 875 1012 928 aeternum.

313 952 382 1006 In
410 951 656 1005 circuitu
690 951 853 1020 {mpii
888 952 1084 1005 ambu-

243 1029 390 1084 lant:
418 1028 449 1062 *
485 1029 801 1084 secundum
837 1029 1084 1083 altitudi-

244 1121 376 1161 nem
402 1112 561 1160 tuam
602 1106 990 1175 multiplicasti
1015 1106 1083 1160 ft-

242 1185 352 1239 lios
374 1184 686 1239 hominum.

316 1271 450 1326 Ant.
525 1271 617 1326 Tu
671 1271 917 1326 Domine
971 1288 1084 1328 ser-

244 1352 410 1406 vabis
444 1358 501 1405 et
527 1350 813 1404 cust6dies
838 1365 945 1405 nos
981 1366 1084 1421 per

242 1430 525 1498 Angelum
579 1435 739 1482 tuum
802 1431 876 1484 ab
929 1430 1084 1483 omni

242 1521 425 1578 prava
450 1507 826 1575 generatione,
862 1507 996 1577 quia
1024 1507 1083 1561 in

243 1584 487 1641 circuitu
523 1590 718 1640 nostro
772 1585 931 1654 impii
967 1586 1083 1640 zim-

245 1663 461 1718 bulant.

316 1743 385 1816 Y,
454 1750 685 1818 Angelis
747 1750 865 1804 suis
924 1750 1084 1804 Deus

245 1828 539 1883 mandavit
566 1828 637 1882 de
664 1836 734 1882 te.
773 1828 843 1896 Rz.
879 1828 961 1883 Ut
990 1843 1084 1882 cu-

245 1906 497 2039 ῗιῐιῗὲἱίαηῒ
523 1913 579 1960 te
601 1906 660 1959 in
688 1906 952 1961 omnibus
976 1906 1085 1961 viis

246 2107 337 2162 Ex
364 2109 510 2162 libro
528 2108 905 2178 ApocaIYpsis
932 2106 1085 2162 beati

397 2187 435 2242 J
437 2187 639 2242 oannis
665 2187 944 2256 Ap6stoli.

316 2289 510 2343 Lectio
540 2294 571 2345 i.
806 2291 940 2357 Cap.
962 2290 1011 2343 8.

290 2450 298 2467 x
339 2400 397 2460 χ,
479 2387 559 2441 idi
592 2394 810 2456 septem
835 2387 1086 2455 Angelos

283 2516 304 2534 ,
361 2467 383 2497 ‘'
413 2476 455 2542 ης
505 2472 721 2520 stantes
756 2465 816 2518 in
852 2466 1083 2533 eonspe-

504 2551 600 2597 ctu
649 2543 782 2597 Dei:
838 2550 895 2597 et
938 2542 1087 2597 datae

245 2629 379 2676 sunt
407 2621 521 2676 illis
548 2628 766 2690 septem
790 2623 960 2675 tubae.
1014 2623 1088 2676 Et

245 2701 395 2755 alius
424 2701 681 2770 Angelus
700 2701 872 2766 venit,
897 2707 954 2755 et
980 2707 1086 2754 ste-

244 2777 314 2832 tit
351 2786 481 2833 ante
508 2779 688 2834 altare
714 2780 930 2834 habens
960 2779 1085 2834 thu·

244 2855 496 2910 ribulum
541 2857 803 2911 Aureum:
850 2864 908 2912 et
953 2857 1085 2911 data

246 2938 381 2986 sunt
415 2932 497 2987 illi
533 2937 761 2989 incensa
790 2937 994 3004 multa‚·
1023 2942 1086 2989 ut

246 3010 412 3064 daret
456 3011 527 3066 de
562 3013 912 3067 orationibus
948 3012 1087 3068 San-

243 3087 409 3145 ctorfi
437 3089 688 3144 omnium
716 3106 888 3159 super
907 3091 1087 3145 altare

244 3168 498 3234 aureum,
519 3168 675 3237 quod
693 3177 780 3222 est
801 3176 932 3224 ante
942 3170 1089 3224 thro-

244 3260 383 3299 num
422 3246 547 3301 Dei.
602 3247 677 3300 Et
713 3248 966 3302 ascendit
1002 3247 1087 3301 fu-

244 3339 373 3377 mus
409 3323 770 3379 incensorum
807 3326 879 3380 de
914 3340 1087 3379 manu

247 3401 450 3469 Angeli
477 3416 672 3456 coram
700 3402 840 3458 Deo.
896 3404 971 3458 Et
999 3418 1087 3458 ac-

1882 595 1976 644 2⁷*

1134 726 1189 773 et
1238 718 1495 787 implevit
1541 717 1682 771 illud
1727 718 1799 772 de
1845 717 1975 787 igne

1133 796 1345 863 altaris,
1381 804 1438 849 et
1472 795 1625 850 misit
1659 795 1717 849 in
1744 802 1975 862 terram,

1133 880 1190 928 et
1226 873 1376 928 facta
1420 880 1553 927 sunt
1598 874 1874 941 tonitrua,
1918 879 1975 927 et

1134 966 1321 1020 voees,
1349 958 1407 1007 et
1433 951 1677 1019 fulgura,
1704 958 1761 1007 et
1783 958 1976 1007 terrae-

1135 1031 1321 1084 motus
1350 1044 1605 1096 magnus.

1209 1131 1278 1199 Ra·
1337 1133 1573 1200 Angelis
1634 1133 1755 1187 suis
1816 1133 1976 1187 Deus

1134 1212 1427 1265 mandavit
1464 1210 1536 1264 de
1571 1215 1625 1264 te
1641 1230 1658 1263 ε
1697 1212 1734 1248 ‘³²
1769 1210 1847 1266 Ut
1882 1225 1976 1264 cu-

1134 1289 1386 1344 stodiant
1413 1296 1469 1343 te
1493 1289 1552 1341 in
1580 1288 1842 1341 omnibus
1869 1287 1978 1340 viis

1134 1368 1260 1422 tuiS.
1316 1359 1387 1432 Y.
1418 1368 1486 1421 In
1533 1365 1802 1421 mauibus
1847 1380 1976 1434 por-

1134 1446 1338 1500 tabunt
1376 1453 1458 1513 te,
1501 1461 1573 1499 ne
1611 1443 1761 1498 forte
1799 1443 1975 1498 offen-

1134 1525 1237 1578 das
1309 1523 1385 1578 ad
1452 1523 1701 1592 lxipidem
1770 1521 1974 1591 pedem

1134 1610 1312 1658 tuum.
1375 1603 1471 1658 Ut.

1416 1734 1612 1790 Lectio
1643 1736 1695 1789 ii.

1151 1836 1270 1960 Et
1322 1847 1540 1909 septem
1593 1838 1824 1907 Angeli‚
1878 1837 1978 1906 qui

1283 1919 1570 1974 habebant
1622 1925 1840 1986 septem
1891 1922 1979 1971 tu-

1134 2000 1257 2065 bas,
1291 1998 1765 2067 praeparaverunt
1799 2010 1877 2064 se,
1913 2002 1979 2050 ut

1135 2078 1273 2131 tuba
1308 2076 1592 2130 canerent.
1649 2076 1724 2130 Et
1759 2075 1979 2144 primus

1135 2155 1388 2224 Angelus
1411 2155 1547 2208 tuba
1566 2153 1785 2220 cecinit,
1812 2159 1868 2207 et
1894 2152 1976 2207 fa-

1135 2241 1224 2288 cta
1276 2239 1364 2287 est
1415 2232 1661 2300 grando,
1723 2238 1779 2285 et
1830 2229 1976 2298 ignis

1135 2313 1314 2366 mixta
1341 2311 1402 2364 in
1427 2311 1725 2379 sauguine,
1761 2316 1819 2364 et
1848 2309 1980 2363 mis-

1136 2405 1263 2444 sum
1290 2396 1379 2444 est
1413 2390 1472 2442 in
1498 2394 1736 2455 terram,
1776 2394 1833 2441 et
1868 2389 1978 2441 ter-

1136 2467 1217 2521 tia
1268 2481 1404 2535 pars
1457 2471 1626 2519 terrae
1679 2465 1979 2519 combusta

1138 2550 1240 2612 est,
1267 2550 1323 2597 et
1348 2543 1516 2597 tertia
1542 2557 1678 2612 pars
1705 2542 1977 2597 arborum

1136 2622 1496 2676 concremata
1543 2627 1656 2688 est,
1707 2627 1763 2674 et
1811 2636 1979 2676 omne

1139 2701 1357 2755 foenum
1395 2700 1577 2754 viride
1616 2700 1978 2754 combustum

1136 2786 1238 2834 est.
1292 2780 1369 2833 Et
1406 2778 1691 2834 secundus
1726 2777 1979 2846 Angelus

1135 2860 1275 2913 tuba
1312 2857 1536 2912 cecinit:
1585 2862 1640 2909 et
1685 2862 1978 2925 tamquam

1136 2951 1301 2990 mons
1331 2948 1572 3001 magnus
1608 2933 1736 3000 igne
1770 2933 1979 2987 ardens

1137 3014 1345 3067 missus
1379 3020 1466 3066 est
1501 3012 1560 3064 in
1596 3026 1769 3078 mare,
1803 3018 1861 3065 et
1898 3009 1978 3064 fa-

1137 3100 1227 3146 cta
1277 3098 1365 3146 est
1411 3091 1579 3145 tertia
1623 3104 1759 3160 pars
1802 3087 1978 3142 maris

1137 3170 1383 3238 sanguis,
1419 3175 1475 3223 et
1499 3169 1726 3222 mortua
1754 3173 1841 3221 est
1867 3166 1978 3220 ter-

1138 3248 1214 3302 tia
1260 3263 1396 3318 pars
1438 3247 1717 3302 creaturae
1762 3244 1976 3310 eorum,

1138 3341 1268 3394 quse
1315 3325 1603 3379 habebant
1651 3321 1871 3375 ammas
1917 3320 1980 3373 in

1138 3402 1308 3471 mari,
1355 3409 1410 3457 et
1447 3400 1615 3455 tertia
1650 3414 1785 3468 pars
1820 3397 1980 3451 mivi·

244 3478 395 3547 cepit
424 3478 677 3547 Angelus
712 3481 1082 3549 thuribulum,
1136 3495 1234 3535 um
1264 3479 1496 3534 interiit.
