2646 3976
738 558 804 605 6*

738 690 826 737 ret
870 684 1098 750 unoque
1141 683 1199 735 in
1246 682 1373 737 loco
1418 682 1587 737 simul

739 760 1068 814 condendos
1097 761 1340 814 curaret.
1376 761 1584 815 Postea

738 838 797 892 in
844 838 1085 905 Ligures
1133 853 1296 892 sacra
1345 839 1585 920 pignora
1651 887 1654 888 γ

736 916 1122 984 transportata
1158 922 1315 984 sunt,
1356 932 1584 971 servan-

737 997 944 1062 turque
987 1009 1166 1065 prope
1213 995 1474 1051 Genuam
1523 996 1583 1049 in

735 1072 1234 1128 Benedictinorum
1299 1073 1582 1141 coenobio,

735 1151 882 1206 ultra
918 1166 1002 1219 ea,
1038 1168 1168 1220 quae
1194 1153 1490 1219 Manresae,
1525 1158 1583 1206 et

735 1229 794 1283 in
849 1229 1100 1283 ecclesiis
1150 1229 1581 1296 Tarraconensi,

736 1314 793 1361 et
828 1314 1041 1362 sanctae
1079 1309 1357 1363 Matronae
1392 1308 1581 1362 Barci-

735 1387 972 1463 nonensi
1005 1387 1098 1456 pie
1124 1387 1402 1441 coluntur.

748 1463 752 1468 ⁴
811 1474 879 1540 R.
903 1473 1222 1543 Tamquam
1253 1488 1473 1527 aurum.

797 1573 859 1621 In
873 1573 972 1622 111.
985 1575 1133 1623 Noct.
1149 1575 1302 1624 Hom.
1316 1578 1370 1624 in
1382 1577 1580 1639 Evang.

743 1643 876 1694 Cum
898 1645 1179 1694 audieritis·
1202 1646 1264 1693 de
1289 1646 1488 1695 Comm.

801 1730 980 1780 Lectio
1003 1732 1071 1781 ix.
1102 1733 1163 1780 de
1189 1733 1387 1781 Homil.
1414 1734 1578 1782 Ferioe

737 1815 957 1917 {ccugm
991 1804 1136 1865 cujus
1159 1818 1425 1853 commem.
1446 1805 1501 1853 fit
1524 1806 1578 1852 in

786 1884 849 1918 au
891 1902 904 1919 .

875 2030 983 2084 Die
1013 2030 1093 2082 12.
1123 2029 1433 2084 Februarii.

737 2130 805 2191 S.
832 2131 1103 2191 Eulaliae
1138 2138 1287 2206 Virg.
1328 2146 1383 2192 et
1412 2139 1575 2193 Mart.

1037 2243 1281 2311 Duplex.

798 2344 984 2394 Omnia
999 2346 1060 2393 de
1076 2345 1348 2393 Communi
1360 2347 1506 2407 Virg.
1527 2356 1575 2395 et

734 2414 900 2477 Mart„
923 2424 1109 2479 praeter
1131 2418 1409 2479 sequentia.

1047 2512 1257 2568 Oratio.

838 2618 963 2667 eUS‚
1016 2604 1112 2671 qui
1164 2619 1269 2657 nos
1317 2602 1575 2671 martyrii

854 2681 1037 2734 beatae
1054 2680 1305 2747 Eulaliae,
1326 2680 1577 2748 Virginis

731 2763 787 2810 et
822 2757 1088 2826 Martyris
1133 2766 1271 2824 tuae,
1315 2758 1575 2812 solemni-

729 2837 847 2891 tate
868 2835 1146 2890 laetificas:
1173 2837 1421 2890 concede
1447 2852 1575 2906 pro-

730 2914 902 2984 pitius
918 2935 932 2980 ς
961 2920 1025 2967 ut
1041 2914 1301 2981 gloriosis
1320 2916 1572 2983 ejusdem

731 2993 972 3060 meritis,
1027 2998 1083 3046 et
1130 2995 1356 3048 terrena
1408 2994 1573 3048 nobis

729 3071 1053 3141 proficiant,
1099 3077 1155 3125 et
1190 3072 1444 3127 coelestia
1479 3074 1571 3127 de-

728 3150 976 3205 siderata
1032 3150 1386 3219 proveniant.
1457 3152 1572 3206 Per

733 3229 1059 3284 Dominum.

796 3315 863 3363 Et
885 3316 940 3364 fit
963 3330 1226 3364 commem.
1248 3314 1433 3363 Feriae.

797 3401 860 3448 In
904 3402 945 3450 Ι.
983 3401 1247 3449 Nocturno
1298 3402 1571 3450 Lectiones

733 3469 813 3517 De
827 3469 1129 3530 virginibus.
1160 3472 1222 3519 de
1245 3472 1357 3520 eod.
1376 3471 1575 3520 Comm.

1306 561 1459 614 Festa
1482 562 1767 612 Februarii.
1800 563 1921 626 (12.)

1795 698 1865 753 In
1897 697 1969 753 11.
2001 699 2313 754 Nocturno.

1907 787 2102 844 Lectio
2129 787 2201 843 iv.

1702 937 1705 943 7
1802 876 1986 930 ulalia
2023 876 2180 944 virgo
2216 875 2460 930 Barcino-

1837 956 2047 1023 nensis,
2071 955 2349 1009 nobilibus
2373 968 2456 1022 pa·

1727 1030 1760 1079 '4
1836 1034 2092 1088 rentibus
2129 1040 2277 1100 nata,
2324 1030 2458 1085 etin

1637 1108 1847 1164 Christi
1860 1111 1973 1165 fide
1985 1127 2050 1166 ac
2064 1111 2330 1179 religione
2341 1109 2461 1163 edu-

1636 1189 1780 1257 cata,
1827 1204 1955 1243 cum
1994 1189 2274 1244 decimum
2310 1202 2459 1256 quar-

1635 1273 1755 1321 tum
1782 1284 1902 1322 suae
1940 1269 2124 1323 aetatis
2154 1283 2355 1323 annum
2390 1270 2459 1319 at·

1634 1346 1889 1414 tingeret,
1914 1347 2045 1400 etin
2064 1348 2266 1402 eadem
2286 1347 2462 1399 tenera

1635 1425 1802 1478 aetate
1872 1424 2156 1479 desiderio
2220 1420 2458 1491 martyrii

1634 1502 1925 1571 flagraret,
1984 1503 2258 1558 divInitus
2310 1499 2461 1569 inspi-

1633 1581 1774 1646 rata,
1796 1596 1856 1634 se
1875 1581 2057 1649 ipsam
2072 1588 2275 1650 sponte
2286 1577 2462 1649 praesi·

1633 1659 1690 1712 di
1719 1659 1984 1725 Daciano,
2011 1660 2329 1713 Barcinone
2351 1670 2462 1725 per·

1633 1737 1976 1791 secutionem
2016 1739 2294 1793 adversus
2320 1734 2463 1789 Chri-

1631 1815 1850 1869 stianos
1880 1817 2186 1885 exercenti,
2224 1817 2295 1869 ad
2330 1826 2460 1867 mar·

1632 1893 1841 1960 tyrium
1924 1893 2135 1970 offerre
2211 1890 2459 1948 decrevit.

1630 1972 1888 2041 Cumque
1942 1973 2061 2027 ruri
2119 1973 2302 2029 tribus
2356 1970 2462 2024 fere

1630 2050 1965 2105 milliaribus
2012 2053 2214 2119 procul
2262 2066 2296 2105 a
2337 2050 2460 2104 Bar·

1628 2129 1916 2183 cinonensi
1936 2130 2079 2183 urbe
2096 2131 2364 2193 maneret,
2387 2126 2458 2178 in-

1630 2207 1728 2275 de,
1774 2208 2108 2275 parentibus
2158 2215 2327 2277 atque
2372 2205 2457 2258 do·

1629 2285 1876 2339 mesticis
1947 2285 2006 2338 id
2069 2285 2459 2356 ignorantibus,

1627 2363 1770 2418 clam
1793 2364 2080 2432 recedenS,
2100 2363 2456 2419 Barcinonem

1628 2442 1903 2509 pervenit.
1932 2442 2045 2498 Ubi
2073 2441 2459 2512 praetorianam

1631 2521 1859 2574 domum
1898 2521 2238 2590 ingrediens,
2274 2516 2459 2601 lJraesi·

1631 2599 1758 2653 dem
1804 2615 1909 2668 pro
1955 2601 2233 2655 tribunali
2278 2598 2458 2653 seden-

1630 2684 1740 2731 tem
1772 2678 1912 2732 adit:
1942 2685 1997 2731 et
2016 2686 2176 2733 stans
2196 2693 2380 2734 coram
2398 2688 2461 2728 eo

1630 2756 1711 2810 sic
1757 2756 1871 2810 alta
1919 2772 2059 2811 voce
2103 2758 2346 2812 elocuta:
2388 2752 2458 2808 Ut

1629 2835 1784 2905 quid,
1813 2835 2081 2904 Daciane,
2112 2836 2289 2890 audes
2316 2829 2462 2887 Chri·

1628 2914 1942 2967 stianorum
1978 2915 2309 2982 sanguinem
2333 2908 2461 2976 initi·
2574 2948 2575 2995 1

1628 2999 1713 3046 ste
1750 2992 2004 3059 fundere,
2041 2999 2095 3047 et
2133 2993 2361 3046 eosdem
2394 2983 2461 3041 ad

1628 3070 1803 3123 falsos
1830 3071 2188 3125 venerandos
2219 3070 2355 3124 deos
2380 3066 2459 3120 co·

1626 3148 1797 3217 gere?
1826 3151 1989 3206 Unus
2008 3155 2093 3203 est
2122 3150 2283 3204 solus
2302 3158 2461 3201 verus

1627 3227 1801 3295 DeuS,
1819 3228 2201 3296 omnipotens,
2219 3227 2459 3281 omnium

1627 3303 1878 3372 Creator,
1898 3312 1953 3359 et
1975 3306 2278 3373 Dominus,
2302 3315 2458 3373 quem

1627 3384 2007 3453 Imperatores
2059 3382 2465 3446 Diocletianus,

1627 3470 1682 3517 et
1707 3463 2096 3528 MaximianuS,
2134 3470 2192 3517 et
2219 3468 2298 3530 tu,
2325 3467 2376 3514 et
2410 3473 2463 3512 o·
