2646 3976
801 576 956 624 Festa
978 576 1234 625 Octobris,
1267 579 1355 638 (1.)

1849 581 1947 629 29*

287 698 409 766 Ego
457 697 727 766 clamavi,
784 673 1082 788 quoniam}
1178 698 1432 755 saturati
1465 707 1600 754 sunt
1636 700 1799 757 fssiis:
1824 704 1855 738 *
1889 710 1946 757 et
2003 708 2007 711 ’

217 775 498 831 exaudisti
546 791 637 829 me
681 775 867 830 Deus:
905 777 934 811 '¹‘
972 776 1053 830 in-

1077 793 1081 884 Ι
1108 777 1448 831 dimiserunt
1501 778 1774 847 reliquias
1811 796 1945 835 suas

215 853 368 908 elina
391 867 588 907 aurem
614 859 769 907 tuam
808 854 963 922 mihi,
998 860 1053 907 et
1105 855 1365 924 parvulis
1392 856 1529 909 suis.

215 931 427 985 exaudi
451 932 629 985 verba
656 946 797 985 mea.

285 1012 529 1067 Mirifica
541 1013 961 1067 miseriedrdias
976 1018 1053 1066 tu·

218 1107 302 1161 as,
330 1093 360 1126 ’¹‘
385 1092 486 1160 qui
520 1091 730 1160 salvos,
749 1090 895 1146 facis
930 1107 1052 1160 spe-

212 1170 411 1223 rantes
436 1169 497 1223 in
524 1175 596 1223 te.

283 1251 337 1306 A
374 1250 772 1305 resistentibus
800 1250 1050 1305 dexterae

213 1339 332 1386 tuae
356 1327 582 1383 custodi
606 1342 713 1397 me,
732 1328 763 1362 ’⁸‘
781 1334 846 1382 ut
870 1328 1052 1397 pupss-

207 1411 326 1464 lam
354 1407 521 1462 Oculi.
564 1421 574 1442 ³

285 1490 407 1547 Sub
437 1489 639 1543 umbra
674 1488 896 1543 alarum
932 1490 1051 1543 tuzi-

208 1584 341 1623 rum
365 1566 599 1637 protege
622 1582 740 1621 me:
767 1567 798 1601 ³⁸
839 1581 874 1618 a
903 1565 1050 1623 faeie

209 1645 516 1715 impidrum
560 1645 660 1713 qui
709 1661 801 1699 me
836 1644 1049 1699 afflixe-

213 1730 365 1778 runt.

281 1805 505 1861 Inimici
524 1805 635 1860 mei
662 1805 911 1860 animam
937 1820 1049 1859 me-

212 1900 306 1939 am
353 1883 855 1938 circumdederunt
870 1924 884 1952 ,
932 1884 1050 1938 aidi-

212 1977 345 2033 pem
370 1977 540 2017 suum
563 1960 992 2017 concluserunt:
1017 1962 1048 1997 ’¹‘

211 2056 278 2095 os
313 2040 513 2096 ebrum
547 2040 802 2095 locutum
839 2046 924 2094 est
958 2056 1048 2094 su-

209 2118 484 2189 perbiam.

278 2199 650 2268 Projieientes
667 2213 759 2252 me
778 2212 932 2252 nune
950 2199 1050 2253 eir-

209 2277 625 2333 cumdederunt
649 2289 768 2330 me:
794 2276 825 2310 ’¹‘
850 2275 1047 2331 doulos

208 2370 345 2410 suos
393 2353 714 2408 statuerunt
759 2354 1048 2409 declinare

206 2435 267 2488 in
293 2439 522 2486 terram.

278 2515 666 2584 Susceperunt
682 2528 774 2568 me
792 2513 942 2567 sicut
957 2513 1049 2566 leo

206 2594 446 2664 paratus
481 2593 557 2646 ad
601 2591 886 2662 praedam:
924 2591 953 2625 '¹‘
991 2596 1048 2644 et

207 2673 356 2728 sieut
392 2670 617 2725 catulus
664 2670 844 2724 lednis
888 2668 1047 2722 habi-

208 2758 338 2805 tans
366 2750 429 2804 in
454 2748 678 2804 abditis.

278 2831 540 2900 Exsurge
549 2829 812 2897 Domine,
831 2829 1048 2898 praeve-

207 2912 268 2966 ni
288 2926 437 2978 eum,
450 2916 506 2963 et
525 2908 829 2977 supplanta
847 2922 978 2961 eum
992 2907 1046 2960 ε*

210 2988 369 3057 eripe
388 2987 635 3042 animam
653 3001 839 3039 meam
860 2985 934 3038 ab
952 2984 1049 3037 im-

209 3066 325 3137 pin,
352 3065 632 3120 frameam
655 3069 814 3118 tuam
844 3064 918 3117 ab
945 3061 1048 3114 ini-

209 3144 374 3199 micis
398 3156 602 3197 manus
627 3146 756 3194 tuae.

277 3224 525 3280 Domine
543 3238 575 3277 a
588 3224 786 3292 paucis
804 3222 876 3277 de
894 3229 1046 3276 terra

209 3303 404 3357 divide
429 3317 527 3357 eos
553 3302 614 3355 in
630 3302 750 3356 vita
778 3300 1048 3355 eorumz*

211 3380 284 3434 de
318 3380 670 3435 abse6nditis
715 3379 826 3433 tuis
871 3376 1047 3432 adim-

209 3457 398 3526 pletus
424 3464 512 3512 est
536 3463 736 3512 venter
763 3456 976 3511 ebrum.

1176 933 1298 1001 Ego
1322 939 1514 987 autem
1539 935 1597 988 in
1615 935 1830 1002 justitia
1849 951 1944 1006 ap-

1105 1011 1322 1080 parebo
1371 1013 1701 1081 conspectui
1749 1019 1876 1069 tuo:
1913 1016 1942 1049 ³¹⁸

1106 1089 1360 1142 satiabor
1422 1103 1553 1143 eum
1613 1092 1945 1159 apparuerit

1105 1165 1282 1233 gloria
1314 1172 1429 1221 tua.

1119 1259 1122 1262 '
1174 1254 1305 1307 Ant.
1349 1253 1589 1308 Custddi
1622 1269 1731 1308 nos
1757 1255 1948 1310 Demi-

1104 1346 1175 1385 ne
1219 1337 1283 1385 ut
1310 1331 1580 1399 pupillam
1624 1332 1770 1386 deuli
1788 1373 1802 1400 ,
1836 1333 1946 1387 sub

1103 1409 1306 1462 umbra
1325 1408 1545 1463 alarum
1564 1409 1791 1463 tuarum
1815 1412 1945 1479 prd-

1103 1492 1227 1555 tege
1259 1502 1383 1541 nos.

1176 1572 1308 1625 Ant.
1368 1573 1530 1628 Mitte
1563 1575 1729 1628 nobis
1763 1573 1803 1611 θ
1828 1574 1944 1629 Βό-

1101 1649 1251 1702 mine
1308 1650 1580 1704 auxilium
1628 1652 1942 1719 angelicum

1102 1725 1176 1780 de
1201 1736 1417 1794 saneto,
1447 1734 1502 1780 et
1530 1727 1602 1781 de
1620 1727 1755 1783 Sion
1783 1731 1943 1784 tuere

1101 1804 1413 1859 Ecclesiam
1438 1810 1708 1859 nostram.

1332 1893 1595 1947 Psalmus
1631 1895 1711 1947 19.

1111 1973 1436 2097 Exaudiat
1471 1982 1528 2030 te
1563 1975 1846 2031 deinus
1882 1978 1943 2032 in

1220 2054 1312 2108 die
1339 2054 1749 2110 tribulatidnis:
1767 2056 1798 2090 ³⁸
1817 2057 1937 2125 prd-

1100 2138 1250 2200 tegat
1289 2138 1348 2187 te
1370 2147 1578 2186 nomen
1603 2133 1714 2187 Dei
1739 2134 1939 2189 Jacob.

1169 2210 1358 2264 Mittat
1404 2209 1509 2264 tibi
1555 2211 1830 2265 auxilium
1870 2212 1941 2266 de

1101 2294 1330 2343 sancto:
1356 2290 1385 2323 ’³‘
1412 2295 1468 2342 et
1505 2289 1577 2342 de
1613 2288 1750 2345 Sion
1788 2291 1942 2344 tued-

1101 2372 1198 2419 tur
1233 2373 1305 2420 te.

1170 2443 1390 2496 Memor
1426 2442 1501 2496 sit
1547 2443 1732 2495 omnis
1769 2442 1941 2496 sacri·

1102 2519 1220 2573 ficii
1257 2519 1369 2572 tui:
1395 2518 1425 2551 ’¹‘
1453 2525 1509 2573 et
1541 2518 1937 2574 holocaustum

1101 2604 1261 2651 tuum
1286 2597 1494 2666 pingue
1521 2597 1635 2652 fiat.

1172 2676 1417 2730 Tribuat
1462 2676 1567 2730 tibi
1624 2676 1938 2730 seeundum

1101 2769 1201 2808 eor
1237 2760 1429 2808 tuum:
1454 2754 1484 2787 ³¹⁸
1510 2759 1567 2807 et
1603 2769 1770 2808 omne
1807 2768 1937 2807 eon-

1101 2832 1293 2886 silium
1323 2837 1487 2886 tuum
1512 2831 1830 2887 confirmet.

1169 2909 1525 2964 Laetzibimur
1582 2909 1643 2962 in
1701 2909 1937 2964 salutziri

1099 2990 1225 3040 tuo:
1248 2985 1278 3018 '¹‘
1297 2992 1354 3039 et
1379 2987 1439 3039 in
1460 2986 1688 3039 nemine
1704 2986 1814 3040 Dei
1840 3001 1938 3040 no·

1100 3063 1204 3118 stri
1232 3062 1737 3130 magnificabimur.

1075 3176 1076 3183 κ
1169 3140 1410 3209 Impleat
1427 3140 1711 3194 deinus
1737 3154 1935 3193 omnes

1073 3190 1401 3288 ²petitidnes
1470 3224 1626 3273 tuas:
1688 3217 1718 3250 ³¹⁸
1784 3232 1938 3271 nune

1100 3295 1340 3366 eogn6vi
1392 3295 1662 3364 qu6niam
1715 3295 1937 3349 salvum

1101 3374 1236 3430 fecit
1300 3375 1584 3429 D6minus
1645 3373 1935 3429 Christum

1100 3470 1286 3509 suum.
